[
   {
      "id": 467228964,
      "price": "0.53430000",
      "qty": "38.10000000",
      "quoteQty": "20.35683000",
      "time": 1705350727385,
      "isBuyerMaker": true,
      "isBestMatch": true
   },
   {
      "id": 467228965,
      "price": "0.53430000",
      "qty": "20.50000000",
      "quoteQty": "10.95315000",
      "time": 1705350727392,
      "isBuyerMaker": true,
      "isBestMatch": true
   },
   {
      "id": 467228966,
      "price": "0.53430000",
      "qty": "44.40000000",
      "quoteQty": "23.72292000",
      "time": 1705350727475,
      "isBuyerMaker": true,
      "isBestMatch": true
   },
   {
      "id": 467228967,
      "price": "0.53430000",
      "qty": "23.10000000",
      "quoteQty": "12.34233000",
      "time": 1705350728588,
      "isBuyerMaker": true,
      "isBestMatch": true
   },
   {
      "id": 467228968,
      "price": "0.53430000",
      "qty": "2981.90000000",
      "quoteQty": "1593.22917000",
      "time": 1705350728652,
      "isBuyerMaker": true,
      "isBestMatch": true
   },
   {
      "id": 467228969,
      "price": "0.53430000",
      "qty": "1000.00000000",
      "quoteQty": "534.30000000",
      "time": 1705350728652,
      "isBuyerMaker": true,
      "isBestMatch": true
   },
   {
      "id": 467228970,
      "price": "0.53430000",
      "qty": "49.60000000",
      "quoteQty": "26.50128000",
      "time": 1705350728652,
      "isBuyerMaker": true,
      "isBestMatch": true
   },
   {
      "id": 467228971,
      "price": "0.53430000",
      "qty": "42.60000000",
      "quoteQty": "22.76118000",
      "time": 1705350728779,
      "isBuyerMaker": true,
      "isBestMatch": true
   },
   {
      "id": 467228972,
      "price": "0.53430000",
      "qty": "72.00000000",
      "quoteQty": "38.46960000",
      "time": 1705350728892,
      "isBuyerMaker": true,
      "isBestMatch": true
   },
   {
      "id": 467228973,
      "price": "0.53430000",
      "qty": "65.10000000",
      "quoteQty": "34.78293000",
      "time": 1705350729327,
      "isBuyerMaker": true,
      "isBestMatch": true
   },
   {
      "id": 467228974,
      "price": "0.53430000",
      "qty": "206.00000000",
      "quoteQty": "110.06580000",
      "time": 1705350730379,
      "isBuyerMaker": true,
      "isBestMatch": true
   },
   {
      "id": 467228975,
      "price": "0.53430000",
      "qty": "161.30000000",
      "quoteQty": "86.18259000",
      "time": 1705350730641,
      "isBuyerMaker": true,
      "isBestMatch": true
   },
   {
      "id": 467228976,
      "price": "0.53430000",
      "qty": "16.90000000",
      "quoteQty": "9.02967000",
      "time": 1705350730641,
      "isBuyerMaker": true,
      "isBestMatch": true
   },
   {
      "id": 467228977,
      "price": "0.53430000",
      "qty": "6.50000000",
      "quoteQty": "3.47295000",
      "time": 1705350730668,
      "isBuyerMaker": true,
      "isBestMatch": true
   },
   {
      "id": 467228978,
      "price": "0.53430000",
      "qty": "89.50000000",
      "quoteQty": "47.81985000",
      "time": 1705350730668,
      "isBuyerMaker": true,
      "isBestMatch": true
   },
   {
      "id": 467228979,
      "price": "0.53430000",
      "qty": "181.90000000",
      "quoteQty": "97.18917000",
      "time": 1705350730766,
      "isBuyerMaker": true,
      "isBestMatch": true
   },
   {
      "id": 467228980,
      "price": "0.53430000",
      "qty": "183.80000000",
      "quoteQty": "98.20434000",
      "time": 1705350731304,
      "isBuyerMaker": true,
      "isBestMatch": true
   },
   {
      "id": 467228981,
      "price": "0.53430000",
      "qty": "45.60000000",
      "quoteQty": "24.36408000",
      "time": 1705350731463,
      "isBuyerMaker": true,
      "isBestMatch": true
   },
   {
      "id": 467228982,
      "price": "0.53430000",
      "qty": "351.50000000",
      "quoteQty": "187.80645000",
      "time": 1705350731750,
      "isBuyerMaker": true,
      "isBestMatch": true
   },
   {
      "id": 467228983,
      "price": "0.53430000",
      "qty": "184.60000000",
      "quoteQty": "98.63178000",
      "time": 1705350732015,
      "isBuyerMaker": true,
      "isBestMatch": true
   },
   {
      "id": 467228984,
      "price": "0.53430000",
      "qty": "222.50000000",
      "quoteQty": "118.88175000",
      "time": 1705350732266,
      "isBuyerMaker": true,
      "isBestMatch": true
   },
   {
      "id": 467228985,
      "price": "0.53430000",
      "qty": "124.30000000",
      "quoteQty": "66.41349000",
      "time": 1705350732863,
      "isBuyerMaker": true,
      "isBestMatch": true
   },
   {
      "id": 467228986,
      "price": "0.53430000",
      "qty": "50.90000000",
      "quoteQty": "27.19587000",
      "time": 1705350733312,
      "isBuyerMaker": true,
      "isBestMatch": true
   },
   {
      "id": 467228987,
      "price": "0.53430000",
      "qty": "51.20000000",
      "quoteQty": "27.35616000",
      "time": 1705350733509,
      "isBuyerMaker": true,
      "isBestMatch": true
   },
   {
      "id": 467228988,
      "price": "0.53430000",
      "qty": "79.70000000",
      "quoteQty": "42.58371000",
      "time": 1705350733663,
      "isBuyerMaker": true,
      "isBestMatch": true
   },
   {
      "id": 467228989,
      "price": "0.53430000",
      "qty": "49.50000000",
      "quoteQty": "26.44785000",
      "time": 1705350733958,
      "isBuyerMaker": true,
      "isBestMatch": true
   },
   {
      "id": 467228990,
      "price": "0.53430000",
      "qty": "900.00000000",
      "quoteQty": "480.87000000",
      "time": 1705350735264,
      "isBuyerMaker": true,
      "isBestMatch": true
   },
   {
      "id": 467228991,
      "price": "0.53430000",
      "qty": "9.60000000",
      "quoteQty": "5.12928000",
      "time": 1705350737877,
      "isBuyerMaker": true,
      "isBestMatch": true
   },
   {
      "id": 467228992,
      "price": "0.53440000",
      "qty": "108.10000000",
      "quoteQty": "57.76864000",
      "time": 1705350739239,
      "isBuyerMaker": false,
      "isBestMatch": true
   },
   {
      "id": 467228993,
      "price": "0.53440000",
      "qty": "488.30000000",
      "quoteQty": "260.94752000",
      "time": 1705350739506,
      "isBuyerMaker": false,
      "isBestMatch": true
   },
   {
      "id": 467228994,
      "price": "0.53440000",
      "qty": "108.10000000",
      "quoteQty": "57.76864000",
      "time": 1705350739506,
      "isBuyerMaker": false,
      "isBestMatch": true
   },
   {
      "id": 467228995,
      "price": "0.53450000",
      "qty": "1462.60000000",
      "quoteQty": "781.75970000",
      "time": 1705350739632,
      "isBuyerMaker": false,
      "isBestMatch": true
   },
   {
      "id": 467228996,
      "price": "0.53440000",
      "qty": "31.10000000",
      "quoteQty": "16.61984000",
      "time": 1705350742830,
      "isBuyerMaker": true,
      "isBestMatch": true
   },
   {
      "id": 467228997,
      "price": "0.53440000",
      "qty": "394.10000000",
      "quoteQty": "210.60704000",
      "time": 1705350742842,
      "isBuyerMaker": true,
      "isBestMatch": true
   },
   {
      "id": 467228998,
      "price": "0.53450000",
      "qty": "728.70000000",
      "quoteQty": "389.49015000",
      "time": 1705350750108,
      "isBuyerMaker": false,
      "isBestMatch": true
   },
   {
      "id": 467228999,
      "price": "0.53450000",
      "qty": "1478.00000000",
      "quoteQty": "789.99100000",
      "time": 1705350750114,
      "isBuyerMaker": false,
      "isBestMatch": true
   },
   {
      "id": 467229000,
      "price": "0.53450000",
      "qty": "3254.80000000",
      "quoteQty": "1739.69060000",
      "time": 1705350750114,
      "isBuyerMaker": false,
      "isBestMatch": true
   },
   {
      "id": 467229001,
      "price": "0.53450000",
      "qty": "4115.40000000",
      "quoteQty": "2199.68130000",
      "time": 1705350750117,
      "isBuyerMaker": false,
      "isBestMatch": true
   },
   {
      "id": 467229002,
      "price": "0.53450000",
      "qty": "259.90000000",
      "quoteQty": "138.91655000",
      "time": 1705350750117,
      "isBuyerMaker": false,
      "isBestMatch": true
   },
   {
      "id": 467229003,
      "price": "0.53450000",
      "qty": "206.00000000",
      "quoteQty": "110.10700000",
      "time": 1705350750117,
      "isBuyerMaker": false,
      "isBestMatch": true
   },
   {
      "id": 467229004,
      "price": "0.53450000",
      "qty": "171.00000000",
      "quoteQty": "91.39950000",
      "time": 1705350750117,
      "isBuyerMaker": false,
      "isBestMatch": true
   },
   {
      "id": 467229005,
      "price": "0.53460000",
      "qty": "567.60000000",
      "quoteQty": "303.43896000",
      "time": 1705350750128,
      "isBuyerMaker": false,
      "isBestMatch": true
   },
   {
      "id": 467229006,
      "price": "0.53460000",
      "qty": "28.80000000",
      "quoteQty": "15.39648000",
      "time": 1705350750128,
      "isBuyerMaker": false,
      "isBestMatch": true
   },
   {
      "id": 467229007,
      "price": "0.53460000",
      "qty": "206.00000000",
      "quoteQty": "110.12760000",
      "time": 1705350750128,
      "isBuyerMaker": false,
      "isBestMatch": true
   },
   {
      "id": 467229008,
      "price": "0.53470000",
      "qty": "888.40000000",
      "quoteQty": "475.02748000",
      "time": 1705350750128,
      "isBuyerMaker": false,
      "isBestMatch": true
   },
   {
      "id": 467229009,
      "price": "0.53470000",
      "qty": "283.20000000",
      "quoteQty": "151.42704000",
      "time": 1705350750128,
      "isBuyerMaker": false,
      "isBestMatch": true
   },
   {
      "id": 467229010,
      "price": "0.53470000",
      "qty": "567.10000000",
      "quoteQty": "303.22837000",
      "time": 1705350750128,
      "isBuyerMaker": false,
      "isBestMatch": true
   },
   {
      "id": 467229011,
      "price": "0.53470000",
      "qty": "112.80000000",
      "quoteQty": "60.31416000",
      "time": 1705350750128,
      "isBuyerMaker": false,
      "isBestMatch": true
   },
   {
      "id": 467229012,
      "price": "0.53470000",
      "qty": "18.70000000",
      "quoteQty": "9.99889000",
      "time": 1705350750133,
      "isBuyerMaker": false,
      "isBestMatch": true
   },
   {
      "id": 467229013,
      "price": "0.53470000",
      "qty": "504.80000000",
      "quoteQty": "269.91656000",
      "time": 1705350750149,
      "isBuyerMaker": false,
      "isBestMatch": true
   },
   {
      "id": 467229014,
      "price": "0.53480000",
      "qty": "15.70000000",
      "quoteQty": "8.39636000",
      "time": 1705350755569,
      "isBuyerMaker": false,
      "isBestMatch": true
   },
   {
      "id": 467229015,
      "price": "0.53470000",
      "qty": "596.30000000",
      "quoteQty": "318.84161000",
      "time": 1705350756031,
      "isBuyerMaker": true,
      "isBestMatch": true
   },
   {
      "id": 467229016,
      "price": "0.53470000",
      "qty": "935.70000000",
      "quoteQty": "500.31879000",
      "time": 1705350756031,
      "isBuyerMaker": true,
      "isBestMatch": true
   },
   {
      "id": 467229017,
      "price": "0.53470000",
      "qty": "50.10000000",
      "quoteQty": "26.78847000",
      "time": 1705350756322,
      "isBuyerMaker": false,
      "isBestMatch": true
   },
   {
      "id": 467229018,
      "price": "0.53460000",
      "qty": "3333.40000000",
      "quoteQty": "1782.03564000",
      "time": 1705350758229,
      "isBuyerMaker": true,
      "isBestMatch": true
   },
   {
      "id": 467229019,
      "price": "0.53460000",
      "qty": "1866.20000000",
      "quoteQty": "997.67052000",
      "time": 1705350758229,
      "isBuyerMaker": true,
      "isBestMatch": true
   },
   {
      "id": 467229020,
      "price": "0.53460000",
      "qty": "1907.70000000",
      "quoteQty": "1019.85642000",
      "time": 1705350758229,
      "isBuyerMaker": true,
      "isBestMatch": true
   },
   {
      "id": 467229021,
      "price": "0.53460000",
      "qty": "14.90000000",
      "quoteQty": "7.96554000",
      "time": 1705350758229,
      "isBuyerMaker": true,
      "isBestMatch": true
   },
   {
      "id": 467229022,
      "price": "0.53460000",
      "qty": "935.80000000",
      "quoteQty": "500.27868000",
      "time": 1705350758229,
      "isBuyerMaker": true,
      "isBestMatch": true
   },
   {
      "id": 467229023,
      "price": "0.53460000",
      "qty": "14.50000000",
      "quoteQty": "7.75170000",
      "time": 1705350759545,
      "isBuyerMaker": false,
      "isBestMatch": true
   },
   {
      "id": 467229024,
      "price": "0.53460000",
      "qty": "595.90000000",
      "quoteQty": "318.56814000",
      "time": 1705350759964,
      "isBuyerMaker": true,
      "isBestMatch": true
   },
   {
      "id": 467229025,
      "price": "0.53460000",
      "qty": "543.10000000",
      "quoteQty": "290.34126000",
      "time": 1705350759964,
      "isBuyerMaker": true,
      "isBestMatch": true
   },
   {
      "id": 467229026,
      "price": "0.53460000",
      "qty": "1000.00000000",
      "quoteQty": "534.60000000",
      "time": 1705350759964,
      "isBuyerMaker": true,
      "isBestMatch": true
   },
   {
      "id": 467229027,
      "price": "0.53450000",
      "qty": "596.40000000",
      "quoteQty": "318.77580000",
      "time": 1705350759964,
      "isBuyerMaker": true,
      "isBestMatch": true
   },
   {
      "id": 467229028,
      "price": "0.53450000",
      "qty": "3333.40000000",
      "quoteQty": "1781.70230000",
      "time": 1705350759964,
      "isBuyerMaker": true,
      "isBestMatch": true
   },
   {
      "id": 467229029,
      "price": "0.53450000",
      "qty": "1000.00000000",
      "quoteQty": "534.50000000",
      "time": 1705350759964,
      "isBuyerMaker": true,
      "isBestMatch": true
   },
   {
      "id": 467229030,
      "price": "0.53450000",
      "qty": "1907.90000000",
      "quoteQty": "1019.77255000",
      "time": 1705350759964,
      "isBuyerMaker": true,
      "isBestMatch": true
   },
   {
      "id": 467229031,
      "price": "0.53450000",
      "qty": "14.40000000",
      "quoteQty": "7.69680000",
      "time": 1705350759964,
      "isBuyerMaker": true,
      "isBestMatch": true
   },
   {
      "id": 467229032,
      "price": "0.53450000",
      "qty": "3200.00000000",
      "quoteQty": "1710.40000000",
      "time": 1705350759964,
      "isBuyerMaker": true,
      "isBestMatch": true
   },
   {
      "id": 467229033,
      "price": "0.53450000",
      "qty": "936.00000000",
      "quoteQty": "500.29200000",
      "time": 1705350759964,
      "isBuyerMaker": true,
      "isBestMatch": true
   },
   {
      "id": 467229034,
      "price": "0.53440000",
      "qty": "461.10000000",
      "quoteQty": "246.41184000",
      "time": 1705350759964,
      "isBuyerMaker": true,
      "isBestMatch": true
   },
   {
      "id": 467229035,
      "price": "0.53440000",
      "qty": "1866.20000000",
      "quoteQty": "997.29728000",
      "time": 1705350759964,
      "isBuyerMaker": true,
      "isBestMatch": true
   },
   {
      "id": 467229036,
      "price": "0.53440000",
      "qty": "1000.00000000",
      "quoteQty": "534.40000000",
      "time": 1705350759964,
      "isBuyerMaker": true,
      "isBestMatch": true
   },
   {
      "id": 467229037,
      "price": "0.53440000",
      "qty": "1907.30000000",
      "quoteQty": "1019.26112000",
      "time": 1705350759964,
      "isBuyerMaker": true,
      "isBestMatch": true
   },
   {
      "id": 467229038,
      "price": "0.53440000",
      "qty": "6473.80000000",
      "quoteQty": "3459.59872000",
      "time": 1705350759964,
      "isBuyerMaker": true,
      "isBestMatch": true
   },
   {
      "id": 467229039,
      "price": "0.53440000",
      "qty": "600.10000000",
      "quoteQty": "320.69344000",
      "time": 1705350759964,
      "isBuyerMaker": true,
      "isBestMatch": true
   },
   {
      "id": 467229040,
      "price": "0.53440000",
      "qty": "14.30000000",
      "quoteQty": "7.64192000",
      "time": 1705350759964,
      "isBuyerMaker": true,
      "isBestMatch": true
   },
   {
      "id": 467229041,
      "price": "0.53440000",
      "qty": "15.00000000",
      "quoteQty": "8.01600000",
      "time": 1705350759964,
      "isBuyerMaker": true,
      "isBestMatch": true
   },
   {
      "id": 467229042,
      "price": "0.53440000",
      "qty": "3200.00000000",
      "quoteQty": "1710.08000000",
      "time": 1705350759964,
      "isBuyerMaker": true,
      "isBestMatch": true
   },
   {
      "id": 467229043,
      "price": "0.53440000",
      "qty": "673.00000000",
      "quoteQty": "359.65120000",
      "time": 1705350759964,
      "isBuyerMaker": true,
      "isBestMatch": true
   },
   {
      "id": 467229044,
      "price": "0.53440000",
      "qty": "5488.10000000",
      "quoteQty": "2932.84064000",
      "time": 1705350759964,
      "isBuyerMaker": true,
      "isBestMatch": true
   },
   {
      "id": 467229045,
      "price": "0.53440000",
      "qty": "780.00000000",
      "quoteQty": "416.83200000",
      "time": 1705350759964,
      "isBuyerMaker": true,
      "isBestMatch": true
   },
   {
      "id": 467229046,
      "price": "0.53440000",
      "qty": "3186.40000000",
      "quoteQty": "1702.81216000",
      "time": 1705350759964,
      "isBuyerMaker": true,
      "isBestMatch": true
   },
   {
      "id": 467229047,
      "price": "0.53450000",
      "qty": "163.50000000",
      "quoteQty": "87.39075000",
      "time": 1705350760496,
      "isBuyerMaker": false,
      "isBestMatch": true
   },
   {
      "id": 467229048,
      "price": "0.53450000",
      "qty": "432.50000000",
      "quoteQty": "231.17125000",
      "time": 1705350760496,
      "isBuyerMaker": false,
      "isBestMatch": true
   },
   {
      "id": 467229049,
      "price": "0.53450000",
      "qty": "21.30000000",
      "quoteQty": "11.38485000",
      "time": 1705350760496,
      "isBuyerMaker": false,
      "isBestMatch": true
   },
   {
      "id": 467229050,
      "price": "0.53450000",
      "qty": "134.70000000",
      "quoteQty": "71.99715000",
      "time": 1705350764248,
      "isBuyerMaker": true,
      "isBestMatch": true
   },
   {
      "id": 467229051,
      "price": "0.53450000",
      "qty": "3583.90000000",
      "quoteQty": "1915.59455000",
      "time": 1705350764248,
      "isBuyerMaker": true,
      "isBestMatch": true
   },
   {
      "id": 467229052,
      "price": "0.53460000",
      "qty": "432.40000000",
      "quoteQty": "231.16104000",
      "time": 1705350766744,
      "isBuyerMaker": true,
      "isBestMatch": true
   },
   {
      "id": 467229053,
      "price": "0.53460000",
      "qty": "47.40000000",
      "quoteQty": "25.34004000",
      "time": 1705350766744,
      "isBuyerMaker": true,
      "isBestMatch": true
   },
   {
      "id": 467229054,
      "price": "0.53470000",
      "qty": "68.10000000",
      "quoteQty": "36.41307000",
      "time": 1705350766839,
      "isBuyerMaker": false,
      "isBestMatch": true
   },
   {
      "id": 467229055,
      "price": "0.53470000",
      "qty": "12.90000000",
      "quoteQty": "6.89763000",
      "time": 1705350768813,
      "isBuyerMaker": true,
      "isBestMatch": true
   },
   {
      "id": 467229056,
      "price": "0.53470000",
      "qty": "9.60000000",
      "quoteQty": "5.13312000",
      "time": 1705350770575,
      "isBuyerMaker": true,
      "isBestMatch": true
   },
   {
      "id": 467229057,
      "price": "0.53470000",
      "qty": "320.90000000",
      "quoteQty": "171.58523000",
      "time": 1705350775558,
      "isBuyerMaker": true,
      "isBestMatch": true
   },
   {
      "id": 467229058,
      "price": "0.53480000",
      "qty": "9.50000000",
      "quoteQty": "5.08060000",
      "time": 1705350775940,
      "isBuyerMaker": false,
      "isBestMatch": true
   },
   {
      "id": 467229059,
      "price": "0.53480000",
      "qty": "9.30000000",
      "quoteQty": "4.97364000",
      "time": 1705350776064,
      "isBuyerMaker": false,
      "isBestMatch": true
   },
   {
      "id": 467229060,
      "price": "0.53470000",
      "qty": "935.70000000",
      "quoteQty": "500.31879000",
      "time": 1705350776573,
      "isBuyerMaker": true,
      "isBestMatch": true
   },
   {
      "id": 467229061,
      "price": "0.53470000",
      "qty": "1907.60000000",
      "quoteQty": "1019.99372000",
      "time": 1705350776573,
      "isBuyerMaker": true,
      "isBestMatch": true
   },
   {
      "id": 467229062,
      "price": "0.53470000",
      "qty": "897.10000000",
      "quoteQty": "479.67937000",
      "time": 1705350776573,
      "isBuyerMaker": true,
      "isBestMatch": true
   },
   {
      "id": 467229063,
      "price": "0.53470000",
      "qty": "13.10000000",
      "quoteQty": "7.00457000",
      "time": 1705350778373,
      "isBuyerMaker": true,
      "isBestMatch": true
   },
   {
      "id": 467229064,
      "price": "0.53460000",
      "qty": "552.80000000",
      "quoteQty": "295.52688000",
      "time": 1705350778373,
      "isBuyerMaker": true,
      "isBestMatch": true
   },
   {
      "id": 467229065,
      "price": "0.53460000",
      "qty": "3051.40000000",
      "quoteQty": "1631.27844000",
      "time": 1705350782485,
      "isBuyerMaker": true,
      "isBestMatch": true
   },
   {
      "id": 467229066,
      "price": "0.53460000",
      "qty": "10.30000000",
      "quoteQty": "5.50638000",
      "time": 1705350782485,
      "isBuyerMaker": true,
      "isBestMatch": true
   },
   {
      "id": 467229067,
      "price": "0.53450000",
      "qty": "202.80000000",
      "quoteQty": "108.39660000",
      "time": 1705350786178,
      "isBuyerMaker": false,
      "isBestMatch": true
   },
   {
      "id": 467229068,
      "price": "0.53450000",
      "qty": "596.00000000",
      "quoteQty": "318.56200000",
      "time": 1705350786178,
      "isBuyerMaker": false,
      "isBestMatch": true
   },
   {
      "id": 467229069,
      "price": "0.53460000",
      "qty": "37.20000000",
      "quoteQty": "19.88712000",
      "time": 1705350786478,
      "isBuyerMaker": true,
      "isBestMatch": true
   },
   {
      "id": 467229070,
      "price": "0.53460000",
      "qty": "9.30000000",
      "quoteQty": "4.97178000",
      "time": 1705350790655,
      "isBuyerMaker": true,
      "isBestMatch": true
   },
   {
      "id": 467229071,
      "price": "0.53470000",
      "qty": "596.00000000",
      "quoteQty": "318.68120000",
      "time": 1705350792409,
      "isBuyerMaker": false,
      "isBestMatch": true
   },
   {
      "id": 467229072,
      "price": "0.53470000",
      "qty": "2926.90000000",
      "quoteQty": "1565.01343000",
      "time": 1705350792409,
      "isBuyerMaker": false,
      "isBestMatch": true
   },
   {
      "id": 467229073,
      "price": "0.53470000",
      "qty": "288.90000000",
      "quoteQty": "154.47483000",
      "time": 1705350792502,
      "isBuyerMaker": false,
      "isBestMatch": true
   },
   {
      "id": 467229074,
      "price": "0.53470000",
      "qty": "534.20000000",
      "quoteQty": "285.63674000",
      "time": 1705350793042,
      "isBuyerMaker": false,
      "isBestMatch": true
   },
   {
      "id": 467229075,
      "price": "0.53470000",
      "qty": "20.40000000",
      "quoteQty": "10.90788000",
      "time": 1705350793042,
      "isBuyerMaker": false,
      "isBestMatch": true
   },
   {
      "id": 467229076,
      "price": "0.53470000",
      "qty": "9.60000000",
      "quoteQty": "5.13312000",
      "time": 1705350798413,
      "isBuyerMaker": true,
      "isBestMatch": true
   },
   {
      "id": 467229077,
      "price": "0.53470000",
      "qty": "586.40000000",
      "quoteQty": "313.54808000",
      "time": 1705350813858,
      "isBuyerMaker": true,
      "isBestMatch": true
   },
   {
      "id": 467229078,
      "price": "0.53470000",
      "qty": "1398.90000000",
      "quoteQty": "747.99183000",
      "time": 1705350813858,
      "isBuyerMaker": true,
      "isBestMatch": true
   },
   {
      "id": 467229079,
      "price": "0.53470000",
      "qty": "2048.60000000",
      "quoteQty": "1095.38642000",
      "time": 1705350813858,
      "isBuyerMaker": true,
      "isBestMatch": true
   },
   {
      "id": 467229080,
      "price": "0.53470000",
      "qty": "12.20000000",
      "quoteQty": "6.52334000",
      "time": 1705350813858,
      "isBuyerMaker": true,
      "isBestMatch": true
   },
   {
      "id": 467229081,
      "price": "0.53470000",
      "qty": "561.10000000",
      "quoteQty": "300.02017000",
      "time": 1705350813858,
      "isBuyerMaker": true,
      "isBestMatch": true
   },
   {
      "id": 467229082,
      "price": "0.53470000",
      "qty": "2600.80000000",
      "quoteQty": "1390.64776000",
      "time": 1705350813858,
      "isBuyerMaker": true,
      "isBestMatch": true
   },
   {
      "id": 467229083,
      "price": "0.53470000",
      "qty": "372.20000000",
      "quoteQty": "199.01534000",
      "time": 1705350813960,
      "isBuyerMaker": true,
      "isBestMatch": true
   },
   {
      "id": 467229084,
      "price": "0.53480000",
      "qty": "40.60000000",
      "quoteQty": "21.71288000",
      "time": 1705350813975,
      "isBuyerMaker": false,
      "isBestMatch": true
   },
   {
      "id": 467229085,
      "price": "0.53470000",
      "qty": "200.00000000",
      "quoteQty": "106.94000000",
      "time": 1705350814368,
      "isBuyerMaker": true,
      "isBestMatch": true
   },
   {
      "id": 467229086,
      "price": "0.53470000",
      "qty": "648.70000000",
      "quoteQty": "346.85989000",
      "time": 1705350814459,
      "isBuyerMaker": true,
      "isBestMatch": true
   },
   {
      "id": 467229087,
      "price": "0.53470000",
      "qty": "508.40000000",
      "quoteQty": "271.84148000",
      "time": 1705350814556,
      "isBuyerMaker": true,
      "isBestMatch": true
   },
   {
      "id": 467229088,
      "price": "0.53470000",
      "qty": "818.20000000",
      "quoteQty": "437.49154000",
      "time": 1705350814559,
      "isBuyerMaker": true,
      "isBestMatch": true
   },
   {
      "id": 467229089,
      "price": "0.53470000",
      "qty": "733.60000000",
      "quoteQty": "392.25592000",
      "time": 1705350822566,
      "isBuyerMaker": true,
      "isBestMatch": true
   },
   {
      "id": 467229090,
      "price": "0.53470000",
      "qty": "6683.90000000",
      "quoteQty": "3573.88133000",
      "time": 1705350822569,
      "isBuyerMaker": true,
      "isBestMatch": true
   },
   {
      "id": 467229091,
      "price": "0.53470000",
      "qty": "11.60000000",
      "quoteQty": "6.20252000",
      "time": 1705350822569,
      "isBuyerMaker": true,
      "isBestMatch": true
   },
   {
      "id": 467229092,
      "price": "0.53460000",
      "qty": "596.10000000",
      "quoteQty": "318.67506000",
      "time": 1705350822570,
      "isBuyerMaker": true,
      "isBestMatch": true
   },
   {
      "id": 467229093,
      "price": "0.53460000",
      "qty": "14.10000000",
      "quoteQty": "7.53786000",
      "time": 1705350822570,
      "isBuyerMaker": true,
      "isBestMatch": true
   },
   {
      "id": 467229094,
      "price": "0.53460000",
      "qty": "50.00000000",
      "quoteQty": "26.73000000",
      "time": 1705350822570,
      "isBuyerMaker": true,
      "isBestMatch": true
   },
   {
      "id": 467229095,
      "price": "0.53460000",
      "qty": "128.00000000",
      "quoteQty": "68.42880000",
      "time": 1705350824148,
      "isBuyerMaker": false,
      "isBestMatch": true
   },
   {
      "id": 467229096,
      "price": "0.53440000",
      "qty": "185.70000000",
      "quoteQty": "99.23808000",
      "time": 1705350824610,
      "isBuyerMaker": true,
      "isBestMatch": true
   },
   {
      "id": 467229097,
      "price": "0.53450000",
      "qty": "474.50000000",
      "quoteQty": "253.62025000",
      "time": 1705350825046,
      "isBuyerMaker": false,
      "isBestMatch": true
   },
   {
      "id": 467229098,
      "price": "0.53440000",
      "qty": "9.60000000",
      "quoteQty": "5.13024000",
      "time": 1705350828067,
      "isBuyerMaker": true,
      "isBestMatch": true
   },
   {
      "id": 467229099,
      "price": "0.53450000",
      "qty": "121.40000000",
      "quoteQty": "64.88830000",
      "time": 1705350829911,
      "isBuyerMaker": false,
      "isBestMatch": true
   },
   {
      "id": 467229100,
      "price": "0.53450000",
      "qty": "474.90000000",
      "quoteQty": "253.83405000",
      "time": 1705350829911,
      "isBuyerMaker": false,
      "isBestMatch": true
   },
   {
      "id": 467229101,
      "price": "0.53450000",
      "qty": "123.60000000",
      "quoteQty": "66.06420000",
      "time": 1705350829911,
      "isBuyerMaker": false,
      "isBestMatch": true
   },
   {
      "id": 467229102,
      "price": "0.53450000",
      "qty": "474.50000000",
      "quoteQty": "253.62025000",
      "time": 1705350838386,
      "isBuyerMaker": true,
      "isBestMatch": true
   },
   {
      "id": 467229103,
      "price": "0.53450000",
      "qty": "121.80000000",
      "quoteQty": "65.10210000",
      "time": 1705350838386,
      "isBuyerMaker": true,
      "isBestMatch": true
   },
   {
      "id": 467229104,
      "price": "0.53450000",
      "qty": "379.20000000",
      "quoteQty": "202.68240000",
      "time": 1705350838386,
      "isBuyerMaker": true,
      "isBestMatch": true
   },
   {
      "id": 467229105,
      "price": "0.53440000",
      "qty": "936.20000000",
      "quoteQty": "500.30528000",
      "time": 1705350843262,
      "isBuyerMaker": true,
      "isBestMatch": true
   },
   {
      "id": 467229106,
      "price": "0.53440000",
      "qty": "596.30000000",
      "quoteQty": "318.66272000",
      "time": 1705350843262,
      "isBuyerMaker": true,
      "isBestMatch": true
   },
   {
      "id": 467229107,
      "price": "0.53440000",
      "qty": "9.60000000",
      "quoteQty": "5.13024000",
      "time": 1705350843262,
      "isBuyerMaker": true,
      "isBestMatch": true
   },
   {
      "id": 467229108,
      "price": "0.53440000",
      "qty": "33.40000000",
      "quoteQty": "17.84896000",
      "time": 1705350843424,
      "isBuyerMaker": false,
      "isBestMatch": true
   },
   {
      "id": 467229109,
      "price": "0.53430000",
      "qty": "353.00000000",
      "quoteQty": "188.60790000",
      "time": 1705350845544,
      "isBuyerMaker": true,
      "isBestMatch": true
   },
   {
      "id": 467229110,
      "price": "0.53430000",
      "qty": "9.60000000",
      "quoteQty": "5.12928000",
      "time": 1705350845544,
      "isBuyerMaker": true,
      "isBestMatch": true
   },
   {
      "id": 467229111,
      "price": "0.53430000",
      "qty": "637.40000000",
      "quoteQty": "340.56282000",
      "time": 1705350845544,
      "isBuyerMaker": true,
      "isBestMatch": true
   },
   {
      "id": 467229112,
      "price": "0.53430000",
      "qty": "299.00000000",
      "quoteQty": "159.75570000",
      "time": 1705350845549,
      "isBuyerMaker": true,
      "isBestMatch": true
   },
   {
      "id": 467229113,
      "price": "0.53420000",
      "qty": "144.20000000",
      "quoteQty": "77.03164000",
      "time": 1705350850065,
      "isBuyerMaker": false,
      "isBestMatch": true
   },
   {
      "id": 467229114,
      "price": "0.53410000",
      "qty": "93.50000000",
      "quoteQty": "49.93835000",
      "time": 1705350850414,
      "isBuyerMaker": true,
      "isBestMatch": true
   },
   {
      "id": 467229115,
      "price": "0.53410000",
      "qty": "9.60000000",
      "quoteQty": "5.12736000",
      "time": 1705350850414,
      "isBuyerMaker": true,
      "isBestMatch": true
   },
   {
      "id": 467229116,
      "price": "0.53410000",
      "qty": "77.20000000",
      "quoteQty": "41.23252000",
      "time": 1705350850414,
      "isBuyerMaker": true,
      "isBestMatch": true
   },
   {
      "id": 467229117,
      "price": "0.53410000",
      "qty": "395.40000000",
      "quoteQty": "211.18314000",
      "time": 1705350850418,
      "isBuyerMaker": true,
      "isBestMatch": true
   },
   {
      "id": 467229118,
      "price": "0.53410000",
      "qty": "123.40000000",
      "quoteQty": "65.90794000",
      "time": 1705350850583,
      "isBuyerMaker": true,
      "isBestMatch": true
   },
   {
      "id": 467229119,
      "price": "0.53410000",
      "qty": "14.70000000",
      "quoteQty": "7.85127000",
      "time": 1705350851991,
      "isBuyerMaker": false,
      "isBestMatch": true
   },
   {
      "id": 467229120,
      "price": "0.53410000",
      "qty": "93.50000000",
      "quoteQty": "49.93835000",
      "time": 1705350852551,
      "isBuyerMaker": false,
      "isBestMatch": true
   },
   {
      "id": 467229121,
      "price": "0.53400000",
      "qty": "9.60000000",
      "quoteQty": "5.12640000",
      "time": 1705350856819,
      "isBuyerMaker": true,
      "isBestMatch": true
   },
   {
      "id": 467229122,
      "price": "0.53400000",
      "qty": "14.30000000",
      "quoteQty": "7.63620000",
      "time": 1705350856819,
      "isBuyerMaker": true,
      "isBestMatch": true
   },
   {
      "id": 467229123,
      "price": "0.53400000",
      "qty": "468.10000000",
      "quoteQty": "249.96540000",
      "time": 1705350856819,
      "isBuyerMaker": true,
      "isBestMatch": true
   },
   {
      "id": 467229124,
      "price": "0.53400000",
      "qty": "11.90000000",
      "quoteQty": "6.35460000",
      "time": 1705350856819,
      "isBuyerMaker": true,
      "isBestMatch": true
   },
   {
      "id": 467229125,
      "price": "0.53400000",
      "qty": "9.60000000",
      "quoteQty": "5.12640000",
      "time": 1705350856819,
      "isBuyerMaker": true,
      "isBestMatch": true
   },
   {
      "id": 467229126,
      "price": "0.53400000",
      "qty": "1800.00000000",
      "quoteQty": "961.20000000",
      "time": 1705350856819,
      "isBuyerMaker": true,
      "isBestMatch": true
   },
   {
      "id": 467229127,
      "price": "0.53400000",
      "qty": "11.10000000",
      "quoteQty": "5.92740000",
      "time": 1705350856819,
      "isBuyerMaker": true,
      "isBestMatch": true
   },
   {
      "id": 467229128,
      "price": "0.53400000",
      "qty": "10.90000000",
      "quoteQty": "5.82060000",
      "time": 1705350856819,
      "isBuyerMaker": true,
      "isBestMatch": true
   },
   {
      "id": 467229129,
      "price": "0.53400000",
      "qty": "14.40000000",
      "quoteQty": "7.68960000",
      "time": 1705350856819,
      "isBuyerMaker": true,
      "isBestMatch": true
   },
   {
      "id": 467229130,
      "price": "0.53400000",
      "qty": "11.60000000",
      "quoteQty": "6.19440000",
      "time": 1705350856819,
      "isBuyerMaker": true,
      "isBestMatch": true
   },
   {
      "id": 467229131,
      "price": "0.53400000",
      "qty": "375.80000000",
      "quoteQty": "200.67720000",
      "time": 1705350856819,
      "isBuyerMaker": true,
      "isBestMatch": true
   },
   {
      "id": 467229132,
      "price": "0.53400000",
      "qty": "187.20000000",
      "quoteQty": "99.96480000",
      "time": 1705350856819,
      "isBuyerMaker": true,
      "isBestMatch": true
   },
   {
      "id": 467229133,
      "price": "0.53390000",
      "qty": "20.50000000",
      "quoteQty": "10.94495000",
      "time": 1705350856819,
      "isBuyerMaker": true,
      "isBestMatch": true
   },
   {
      "id": 467229134,
      "price": "0.53390000",
      "qty": "15.00000000",
      "quoteQty": "8.00850000",
      "time": 1705350856819,
      "isBuyerMaker": true,
      "isBestMatch": true
   },
   {
      "id": 467229135,
      "price": "0.53390000",
      "qty": "9.60000000",
      "quoteQty": "5.12544000",
      "time": 1705350856819,
      "isBuyerMaker": true,
      "isBestMatch": true
   },
   {
      "id": 467229136,
      "price": "0.53390000",
      "qty": "937.10000000",
      "quoteQty": "500.31769000",
      "time": 1705350856819,
      "isBuyerMaker": true,
      "isBestMatch": true
   },
   {
      "id": 467229137,
      "price": "0.53390000",
      "qty": "175.80000000",
      "quoteQty": "93.85962000",
      "time": 1705350857995,
      "isBuyerMaker": false,
      "isBestMatch": true
   },
   {
      "id": 467229138,
      "price": "0.53390000",
      "qty": "95.10000000",
      "quoteQty": "50.77389000",
      "time": 1705350861776,
      "isBuyerMaker": false,
      "isBestMatch": true
   },
   {
      "id": 467229139,
      "price": "0.53390000",
      "qty": "27.30000000",
      "quoteQty": "14.57547000",
      "time": 1705350864870,
      "isBuyerMaker": false,
      "isBestMatch": true
   },
   {
      "id": 467229140,
      "price": "0.53380000",
      "qty": "9.60000000",
      "quoteQty": "5.12448000",
      "time": 1705350865926,
      "isBuyerMaker": true,
      "isBestMatch": true
   },
   {
      "id": 467229141,
      "price": "0.53380000",
      "qty": "17.20000000",
      "quoteQty": "9.18136000",
      "time": 1705350865926,
      "isBuyerMaker": true,
      "isBestMatch": true
   },
   {
      "id": 467229142,
      "price": "0.53380000",
      "qty": "27.20000000",
      "quoteQty": "14.51936000",
      "time": 1705350865926,
      "isBuyerMaker": true,
      "isBestMatch": true
   },
   {
      "id": 467229143,
      "price": "0.53380000",
      "qty": "9.90000000",
      "quoteQty": "5.28462000",
      "time": 1705350865926,
      "isBuyerMaker": true,
      "isBestMatch": true
   },
   {
      "id": 467229144,
      "price": "0.53380000",
      "qty": "10.20000000",
      "quoteQty": "5.44476000",
      "time": 1705350865926,
      "isBuyerMaker": true,
      "isBestMatch": true
   },
   {
      "id": 467229145,
      "price": "0.53380000",
      "qty": "12.30000000",
      "quoteQty": "6.56574000",
      "time": 1705350865926,
      "isBuyerMaker": true,
      "isBestMatch": true
   },
   {
      "id": 467229146,
      "price": "0.53380000",
      "qty": "38.10000000",
      "quoteQty": "20.33778000",
      "time": 1705350865926,
      "isBuyerMaker": true,
      "isBestMatch": true
   },
   {
      "id": 467229147,
      "price": "0.53370000",
      "qty": "9.60000000",
      "quoteQty": "5.12352000",
      "time": 1705350866996,
      "isBuyerMaker": true,
      "isBestMatch": true
   },
   {
      "id": 467229148,
      "price": "0.53370000",
      "qty": "17.30000000",
      "quoteQty": "9.23301000",
      "time": 1705350866996,
      "isBuyerMaker": true,
      "isBestMatch": true
   },
   {
      "id": 467229149,
      "price": "0.53370000",
      "qty": "9.60000000",
      "quoteQty": "5.12352000",
      "time": 1705350866996,
      "isBuyerMaker": true,
      "isBestMatch": true
   },
   {
      "id": 467229150,
      "price": "0.53370000",
      "qty": "1.60000000",
      "quoteQty": "0.85392000",
      "time": 1705350866996,
      "isBuyerMaker": true,
      "isBestMatch": true
   },
   {
      "id": 467229151,
      "price": "0.53370000",
      "qty": "11.60000000",
      "quoteQty": "6.19092000",
      "time": 1705350866996,
      "isBuyerMaker": true,
      "isBestMatch": true
   },
   {
      "id": 467229152,
      "price": "0.53370000",
      "qty": "11.70000000",
      "quoteQty": "6.24429000",
      "time": 1705350866996,
      "isBuyerMaker": true,
      "isBestMatch": true
   },
   {
      "id": 467229153,
      "price": "0.53370000",
      "qty": "426.50000000",
      "quoteQty": "227.62305000",
      "time": 1705350866996,
      "isBuyerMaker": true,
      "isBestMatch": true
   },
   {
      "id": 467229154,
      "price": "0.53380000",
      "qty": "62.90000000",
      "quoteQty": "33.57602000",
      "time": 1705350866998,
      "isBuyerMaker": false,
      "isBestMatch": true
   },
   {
      "id": 467229155,
      "price": "0.53370000",
      "qty": "54.30000000",
      "quoteQty": "28.97991000",
      "time": 1705350867194,
      "isBuyerMaker": true,
      "isBestMatch": true
   },
   {
      "id": 467229156,
      "price": "0.53370000",
      "qty": "151.60000000",
      "quoteQty": "80.90892000",
      "time": 1705350867194,
      "isBuyerMaker": true,
      "isBestMatch": true
   },
   {
      "id": 467229157,
      "price": "0.53370000",
      "qty": "538.70000000",
      "quoteQty": "287.50419000",
      "time": 1705350867216,
      "isBuyerMaker": false,
      "isBestMatch": true
   },
   {
      "id": 467229158,
      "price": "0.53370000",
      "qty": "597.10000000",
      "quoteQty": "318.67227000",
      "time": 1705350867216,
      "isBuyerMaker": false,
      "isBestMatch": true
   },
   {
      "id": 467229159,
      "price": "0.53370000",
      "qty": "357.20000000",
      "quoteQty": "190.63764000",
      "time": 1705350867216,
      "isBuyerMaker": false,
      "isBestMatch": true
   },
   {
      "id": 467229160,
      "price": "0.53370000",
      "qty": "136.30000000",
      "quoteQty": "72.74331000",
      "time": 1705350869004,
      "isBuyerMaker": false,
      "isBestMatch": true
   },
   {
      "id": 467229161,
      "price": "0.53360000",
      "qty": "9.60000000",
      "quoteQty": "5.12256000",
      "time": 1705350869313,
      "isBuyerMaker": true,
      "isBestMatch": true
   },
   {
      "id": 467229162,
      "price": "0.53360000",
      "qty": "23.00000000",
      "quoteQty": "12.27280000",
      "time": 1705350869313,
      "isBuyerMaker": true,
      "isBestMatch": true
   },
   {
      "id": 467229163,
      "price": "0.53360000",
      "qty": "149.50000000",
      "quoteQty": "79.77320000",
      "time": 1705350869313,
      "isBuyerMaker": true,
      "isBestMatch": true
   },
   {
      "id": 467229164,
      "price": "0.53360000",
      "qty": "24.70000000",
      "quoteQty": "13.17992000",
      "time": 1705350869313,
      "isBuyerMaker": true,
      "isBestMatch": true
   },
   {
      "id": 467229165,
      "price": "0.53360000",
      "qty": "41.00000000",
      "quoteQty": "21.87760000",
      "time": 1705350869313,
      "isBuyerMaker": true,
      "isBestMatch": true
   },
   {
      "id": 467229166,
      "price": "0.53360000",
      "qty": "11.80000000",
      "quoteQty": "6.29648000",
      "time": 1705350869313,
      "isBuyerMaker": true,
      "isBestMatch": true
   },
   {
      "id": 467229167,
      "price": "0.53360000",
      "qty": "21.70000000",
      "quoteQty": "11.57912000",
      "time": 1705350869313,
      "isBuyerMaker": true,
      "isBestMatch": true
   },
   {
      "id": 467229168,
      "price": "0.53360000",
      "qty": "11.20000000",
      "quoteQty": "5.97632000",
      "time": 1705350869313,
      "isBuyerMaker": true,
      "isBestMatch": true
   },
   {
      "id": 467229169,
      "price": "0.53360000",
      "qty": "39.50000000",
      "quoteQty": "21.07720000",
      "time": 1705350869313,
      "isBuyerMaker": true,
      "isBestMatch": true
   },
   {
      "id": 467229170,
      "price": "0.53360000",
      "qty": "206.00000000",
      "quoteQty": "109.92160000",
      "time": 1705350869313,
      "isBuyerMaker": true,
      "isBestMatch": true
   },
   {
      "id": 467229171,
      "price": "0.53360000",
      "qty": "55.60000000",
      "quoteQty": "29.66816000",
      "time": 1705350871005,
      "isBuyerMaker": false,
      "isBestMatch": true
   },
   {
      "id": 467229172,
      "price": "0.53360000",
      "qty": "37.40000000",
      "quoteQty": "19.95664000",
      "time": 1705350874877,
      "isBuyerMaker": false,
      "isBestMatch": true
   },
   {
      "id": 467229173,
      "price": "0.53360000",
      "qty": "56.10000000",
      "quoteQty": "29.93496000",
      "time": 1705350874982,
      "isBuyerMaker": false,
      "isBestMatch": true
   },
   {
      "id": 467229174,
      "price": "0.53350000",
      "qty": "9.60000000",
      "quoteQty": "5.12160000",
      "time": 1705350876586,
      "isBuyerMaker": true,
      "isBestMatch": true
   },
   {
      "id": 467229175,
      "price": "0.53350000",
      "qty": "20.20000000",
      "quoteQty": "10.77670000",
      "time": 1705350876586,
      "isBuyerMaker": true,
      "isBestMatch": true
   },
   {
      "id": 467229176,
      "price": "0.53350000",
      "qty": "9.90000000",
      "quoteQty": "5.28165000",
      "time": 1705350876586,
      "isBuyerMaker": true,
      "isBestMatch": true
   },
   {
      "id": 467229177,
      "price": "0.53350000",
      "qty": "38.10000000",
      "quoteQty": "20.32635000",
      "time": 1705350876586,
      "isBuyerMaker": true,
      "isBestMatch": true
   },
   {
      "id": 467229178,
      "price": "0.53350000",
      "qty": "50.60000000",
      "quoteQty": "26.99510000",
      "time": 1705350876586,
      "isBuyerMaker": true,
      "isBestMatch": true
   },
   {
      "id": 467229179,
      "price": "0.53360000",
      "qty": "639.40000000",
      "quoteQty": "341.18384000",
      "time": 1705350876725,
      "isBuyerMaker": false,
      "isBestMatch": true
   },
   {
      "id": 467229180,
      "price": "0.53360000",
      "qty": "597.10000000",
      "quoteQty": "318.61256000",
      "time": 1705350876725,
      "isBuyerMaker": false,
      "isBestMatch": true
   },
   {
      "id": 467229181,
      "price": "0.53360000",
      "qty": "1000.00000000",
      "quoteQty": "533.60000000",
      "time": 1705350878093,
      "isBuyerMaker": true,
      "isBestMatch": true
   },
   {
      "id": 467229182,
      "price": "0.53360000",
      "qty": "5.80000000",
      "quoteQty": "3.09488000",
      "time": 1705350878093,
      "isBuyerMaker": true,
      "isBestMatch": true
   },
   {
      "id": 467229183,
      "price": "0.53360000",
      "qty": "219.00000000",
      "quoteQty": "116.85840000",
      "time": 1705350878980,
      "isBuyerMaker": true,
      "isBestMatch": true
   },
   {
      "id": 467229184,
      "price": "0.53360000",
      "qty": "106.70000000",
      "quoteQty": "56.93512000",
      "time": 1705350879584,
      "isBuyerMaker": true,
      "isBestMatch": true
   },
   {
      "id": 467229185,
      "price": "0.53360000",
      "qty": "393.30000000",
      "quoteQty": "209.86488000",
      "time": 1705350879584,
      "isBuyerMaker": true,
      "isBestMatch": true
   },
   {
      "id": 467229186,
      "price": "0.53370000",
      "qty": "54.30000000",
      "quoteQty": "28.97991000",
      "time": 1705350881657,
      "isBuyerMaker": false,
      "isBestMatch": true
   },
   {
      "id": 467229187,
      "price": "0.53370000",
      "qty": "1000.00000000",
      "quoteQty": "533.70000000",
      "time": 1705350881657,
      "isBuyerMaker": false,
      "isBestMatch": true
   },
   {
      "id": 467229188,
      "price": "0.53370000",
      "qty": "597.30000000",
      "quoteQty": "318.77901000",
      "time": 1705350881657,
      "isBuyerMaker": false,
      "isBestMatch": true
   },
   {
      "id": 467229189,
      "price": "0.53370000",
      "qty": "2048.60000000",
      "quoteQty": "1093.33782000",
      "time": 1705350881657,
      "isBuyerMaker": false,
      "isBestMatch": true
   },
   {
      "id": 467229190,
      "price": "0.53370000",
      "qty": "1097.40000000",
      "quoteQty": "585.68238000",
      "time": 1705350881657,
      "isBuyerMaker": false,
      "isBestMatch": true
   },
   {
      "id": 467229191,
      "price": "0.53370000",
      "qty": "2739.20000000",
      "quoteQty": "1461.91104000",
      "time": 1705350881657,
      "isBuyerMaker": false,
      "isBestMatch": true
   },
   {
      "id": 467229192,
      "price": "0.53370000",
      "qty": "1831.70000000",
      "quoteQty": "977.57829000",
      "time": 1705350881657,
      "isBuyerMaker": false,
      "isBestMatch": true
   },
   {
      "id": 467229193,
      "price": "0.53370000",
      "qty": "1815.30000000",
      "quoteQty": "968.82561000",
      "time": 1705350883968,
      "isBuyerMaker": false,
      "isBestMatch": true
   },
   {
      "id": 467229194,
      "price": "0.53370000",
      "qty": "5488.10000000",
      "quoteQty": "2928.99897000",
      "time": 1705350883968,
      "isBuyerMaker": false,
      "isBestMatch": true
   },
   {
      "id": 467229195,
      "price": "0.53370000",
      "qty": "187.30000000",
      "quoteQty": "99.96201000",
      "time": 1705350883968,
      "isBuyerMaker": false,
      "isBestMatch": true
   },
   {
      "id": 467229196,
      "price": "0.53370000",
      "qty": "217.20000000",
      "quoteQty": "115.91964000",
      "time": 1705350883968,
      "isBuyerMaker": false,
      "isBestMatch": true
   },
   {
      "id": 467229197,
      "price": "0.53370000",
      "qty": "1000.00000000",
      "quoteQty": "533.70000000",
      "time": 1705350886163,
      "isBuyerMaker": false,
      "isBestMatch": true
   },
   {
      "id": 467229198,
      "price": "0.53370000",
      "qty": "24.20000000",
      "quoteQty": "12.91554000",
      "time": 1705350886163,
      "isBuyerMaker": false,
      "isBestMatch": true
   },
   {
      "id": 467229199,
      "price": "0.53370000",
      "qty": "64.00000000",
      "quoteQty": "34.15680000",
      "time": 1705350886163,
      "isBuyerMaker": false,
      "isBestMatch": true
   },
   {
      "id": 467229200,
      "price": "0.53370000",
      "qty": "152.50000000",
      "quoteQty": "81.38925000",
      "time": 1705350886163,
      "isBuyerMaker": false,
      "isBestMatch": true
   },
   {
      "id": 467229201,
      "price": "0.53370000",
      "qty": "444.60000000",
      "quoteQty": "237.28302000",
      "time": 1705350886912,
      "isBuyerMaker": false,
      "isBestMatch": true
   },
   {
      "id": 467229202,
      "price": "0.53370000",
      "qty": "9.60000000",
      "quoteQty": "5.12352000",
      "time": 1705350887250,
      "isBuyerMaker": true,
      "isBestMatch": true
   },
   {
      "id": 467229203,
      "price": "0.53380000",
      "qty": "37.40000000",
      "quoteQty": "19.96412000",
      "time": 1705350891690,
      "isBuyerMaker": false,
      "isBestMatch": true
   },
   {
      "id": 467229204,
      "price": "0.53380000",
      "qty": "46.80000000",
      "quoteQty": "24.98184000",
      "time": 1705350895620,
      "isBuyerMaker": false,
      "isBestMatch": true
   },
   {
      "id": 467229205,
      "price": "0.53370000",
      "qty": "74.00000000",
      "quoteQty": "39.49380000",
      "time": 1705350896298,
      "isBuyerMaker": true,
      "isBestMatch": true
   },
   {
      "id": 467229206,
      "price": "0.53370000",
      "qty": "22.00000000",
      "quoteQty": "11.74140000",
      "time": 1705350896381,
      "isBuyerMaker": true,
      "isBestMatch": true
   },
   {
      "id": 467229207,
      "price": "0.53370000",
      "qty": "89.10000000",
      "quoteQty": "47.55267000",
      "time": 1705350897310,
      "isBuyerMaker": true,
      "isBestMatch": true
   },
   {
      "id": 467229208,
      "price": "0.53370000",
      "qty": "94.80000000",
      "quoteQty": "50.59476000",
      "time": 1705350897774,
      "isBuyerMaker": true,
      "isBestMatch": true
   },
   {
      "id": 467229209,
      "price": "0.53370000",
      "qty": "265.90000000",
      "quoteQty": "141.91083000",
      "time": 1705350899766,
      "isBuyerMaker": true,
      "isBestMatch": true
   },
   {
      "id": 467229210,
      "price": "0.53370000",
      "qty": "597.20000000",
      "quoteQty": "318.72564000",
      "time": 1705350899766,
      "isBuyerMaker": true,
      "isBestMatch": true
   },
   {
      "id": 467229211,
      "price": "0.53370000",
      "qty": "937.40000000",
      "quoteQty": "500.29038000",
      "time": 1705350899766,
      "isBuyerMaker": true,
      "isBestMatch": true
   },
   {
      "id": 467229212,
      "price": "0.53370000",
      "qty": "18.70000000",
      "quoteQty": "9.98019000",
      "time": 1705350899766,
      "isBuyerMaker": true,
      "isBestMatch": true
   },
   {
      "id": 467229213,
      "price": "0.53370000",
      "qty": "32.40000000",
      "quoteQty": "17.29188000",
      "time": 1705350899766,
      "isBuyerMaker": true,
      "isBestMatch": true
   },
   {
      "id": 467229214,
      "price": "0.53360000",
      "qty": "1000.00000000",
      "quoteQty": "533.60000000",
      "time": 1705350899766,
      "isBuyerMaker": true,
      "isBestMatch": true
   },
   {
      "id": 467229215,
      "price": "0.53360000",
      "qty": "597.20000000",
      "quoteQty": "318.66592000",
      "time": 1705350899766,
      "isBuyerMaker": true,
      "isBestMatch": true
   },
   {
      "id": 467229216,
      "price": "0.53360000",
      "qty": "4750.70000000",
      "quoteQty": "2534.97352000",
      "time": 1705350899766,
      "isBuyerMaker": true,
      "isBestMatch": true
   },
   {
      "id": 467229217,
      "price": "0.53360000",
      "qty": "2048.80000000",
      "quoteQty": "1093.23968000",
      "time": 1705350899766,
      "isBuyerMaker": true,
      "isBestMatch": true
   },
   {
      "id": 467229218,
      "price": "0.53360000",
      "qty": "93.70000000",
      "quoteQty": "49.99832000",
      "time": 1705350899766,
      "isBuyerMaker": true,
      "isBestMatch": true
   },
   {
      "id": 467229219,
      "price": "0.53360000",
      "qty": "14.60000000",
      "quoteQty": "7.79056000",
      "time": 1705350899766,
      "isBuyerMaker": true,
      "isBestMatch": true
   },
   {
      "id": 467229220,
      "price": "0.53360000",
      "qty": "1866.20000000",
      "quoteQty": "995.80432000",
      "time": 1705350899766,
      "isBuyerMaker": true,
      "isBestMatch": true
   },
   {
      "id": 467229221,
      "price": "0.53360000",
      "qty": "54.30000000",
      "quoteQty": "28.97448000",
      "time": 1705350899766,
      "isBuyerMaker": true,
      "isBestMatch": true
   },
   {
      "id": 467229222,
      "price": "0.53360000",
      "qty": "8744.30000000",
      "quoteQty": "4665.95848000",
      "time": 1705350899766,
      "isBuyerMaker": true,
      "isBestMatch": true
   },
   {
      "id": 467229223,
      "price": "0.53370000",
      "qty": "93.60000000",
      "quoteQty": "49.95432000",
      "time": 1705350901890,
      "isBuyerMaker": false,
      "isBestMatch": true
   },
   {
      "id": 467229224,
      "price": "0.53360000",
      "qty": "1000.00000000",
      "quoteQty": "533.60000000",
      "time": 1705350904185,
      "isBuyerMaker": true,
      "isBestMatch": true
   },
   {
      "id": 467229225,
      "price": "0.53360000",
      "qty": "1025.40000000",
      "quoteQty": "547.15344000",
      "time": 1705350905633,
      "isBuyerMaker": true,
      "isBestMatch": true
   },
   {
      "id": 467229226,
      "price": "0.53360000",
      "qty": "84.00000000",
      "quoteQty": "44.82240000",
      "time": 1705350905633,
      "isBuyerMaker": true,
      "isBestMatch": true
   },
   {
      "id": 467229227,
      "price": "0.53360000",
      "qty": "2048.80000000",
      "quoteQty": "1093.23968000",
      "time": 1705350905639,
      "isBuyerMaker": false,
      "isBestMatch": true
   },
   {
      "id": 467229228,
      "price": "0.53360000",
      "qty": "597.10000000",
      "quoteQty": "318.61256000",
      "time": 1705350905640,
      "isBuyerMaker": false,
      "isBestMatch": true
   },
   {
      "id": 467229229,
      "price": "0.53360000",
      "qty": "1451.70000000",
      "quoteQty": "774.62712000",
      "time": 1705350905640,
      "isBuyerMaker": false,
      "isBestMatch": true
   },
   {
      "id": 467229230,
      "price": "0.53360000",
      "qty": "50.50000000",
      "quoteQty": "26.94680000",
      "time": 1705350906647,
      "isBuyerMaker": false,
      "isBestMatch": true
   },
   {
      "id": 467229231,
      "price": "0.53360000",
      "qty": "9.50000000",
      "quoteQty": "5.06920000",
      "time": 1705350913110,
      "isBuyerMaker": false,
      "isBestMatch": true
   },
   {
      "id": 467229232,
      "price": "0.53350000",
      "qty": "5.60000000",
      "quoteQty": "2.98760000",
      "time": 1705350915769,
      "isBuyerMaker": true,
      "isBestMatch": true
   },
   {
      "id": 467229233,
      "price": "0.53350000",
      "qty": "4.00000000",
      "quoteQty": "2.13400000",
      "time": 1705350915769,
      "isBuyerMaker": true,
      "isBestMatch": true
   },
   {
      "id": 467229234,
      "price": "0.53360000",
      "qty": "371.20000000",
      "quoteQty": "198.07232000",
      "time": 1705350915841,
      "isBuyerMaker": false,
      "isBestMatch": true
   },
   {
      "id": 467229235,
      "price": "0.53360000",
      "qty": "597.10000000",
      "quoteQty": "318.61256000",
      "time": 1705350915841,
      "isBuyerMaker": false,
      "isBestMatch": true
   },
   {
      "id": 467229236,
      "price": "0.53360000",
      "qty": "383.40000000",
      "quoteQty": "204.58224000",
      "time": 1705350915841,
      "isBuyerMaker": false,
      "isBestMatch": true
   },
   {
      "id": 467229237,
      "price": "0.53360000",
      "qty": "2531.10000000",
      "quoteQty": "1350.59496000",
      "time": 1705350917545,
      "isBuyerMaker": true,
      "isBestMatch": true
   },
   {
      "id": 467229238,
      "price": "0.53360000",
      "qty": "2278.00000000",
      "quoteQty": "1215.54080000",
      "time": 1705350917545,
      "isBuyerMaker": true,
      "isBestMatch": true
   },
   {
      "id": 467229239,
      "price": "0.53360000",
      "qty": "597.20000000",
      "quoteQty": "318.66592000",
      "time": 1705350917545,
      "isBuyerMaker": true,
      "isBestMatch": true
   },
   {
      "id": 467229240,
      "price": "0.53360000",
      "qty": "731.30000000",
      "quoteQty": "390.22168000",
      "time": 1705350917545,
      "isBuyerMaker": true,
      "isBestMatch": true
   },
   {
      "id": 467229241,
      "price": "0.53370000",
      "qty": "54.30000000",
      "quoteQty": "28.97991000",
      "time": 1705350921250,
      "isBuyerMaker": false,
      "isBestMatch": true
   },
   {
      "id": 467229242,
      "price": "0.53370000",
      "qty": "133.00000000",
      "quoteQty": "70.98210000",
      "time": 1705350921250,
      "isBuyerMaker": false,
      "isBestMatch": true
   },
   {
      "id": 467229243,
      "price": "0.53370000",
      "qty": "37.40000000",
      "quoteQty": "19.96038000",
      "time": 1705350927301,
      "isBuyerMaker": false,
      "isBestMatch": true
   },
   {
      "id": 467229244,
      "price": "0.53360000",
      "qty": "597.10000000",
      "quoteQty": "318.61256000",
      "time": 1705350933970,
      "isBuyerMaker": true,
      "isBestMatch": true
   },
   {
      "id": 467229245,
      "price": "0.53360000",
      "qty": "12.20000000",
      "quoteQty": "6.50992000",
      "time": 1705350933970,
      "isBuyerMaker": true,
      "isBestMatch": true
   },
   {
      "id": 467229246,
      "price": "0.53360000",
      "qty": "156.50000000",
      "quoteQty": "83.50840000",
      "time": 1705350934877,
      "isBuyerMaker": false,
      "isBestMatch": true
   },
   {
      "id": 467229247,
      "price": "0.53360000",
      "qty": "270.30000000",
      "quoteQty": "144.23208000",
      "time": 1705350942439,
      "isBuyerMaker": false,
      "isBestMatch": true
   },
   {
      "id": 467229248,
      "price": "0.53360000",
      "qty": "327.00000000",
      "quoteQty": "174.48720000",
      "time": 1705350942439,
      "isBuyerMaker": false,
      "isBestMatch": true
   },
   {
      "id": 467229249,
      "price": "0.53360000",
      "qty": "10.20000000",
      "quoteQty": "5.44272000",
      "time": 1705350942439,
      "isBuyerMaker": false,
      "isBestMatch": true
   },
   {
      "id": 467229250,
      "price": "0.53360000",
      "qty": "42.70000000",
      "quoteQty": "22.78472000",
      "time": 1705350942439,
      "isBuyerMaker": false,
      "isBestMatch": true
   },
   {
      "id": 467229251,
      "price": "0.53370000",
      "qty": "426.80000000",
      "quoteQty": "227.78316000",
      "time": 1705350944537,
      "isBuyerMaker": false,
      "isBestMatch": true
   },
   {
      "id": 467229252,
      "price": "0.53370000",
      "qty": "1399.70000000",
      "quoteQty": "747.01989000",
      "time": 1705350944537,
      "isBuyerMaker": false,
      "isBestMatch": true
   },
   {
      "id": 467229253,
      "price": "0.53370000",
      "qty": "81.90000000",
      "quoteQty": "43.71003000",
      "time": 1705350945280,
      "isBuyerMaker": true,
      "isBestMatch": true
   },
   {
      "id": 467229254,
      "price": "0.53380000",
      "qty": "95.50000000",
      "quoteQty": "50.97790000",
      "time": 1705350946011,
      "isBuyerMaker": false,
      "isBestMatch": true
   },
   {
      "id": 467229255,
      "price": "0.53370000",
      "qty": "515.40000000",
      "quoteQty": "275.06898000",
      "time": 1705350946488,
      "isBuyerMaker": true,
      "isBestMatch": true
   },
   {
      "id": 467229256,
      "price": "0.53370000",
      "qty": "81.70000000",
      "quoteQty": "43.60329000",
      "time": 1705350946488,
      "isBuyerMaker": true,
      "isBestMatch": true
   },
   {
      "id": 467229257,
      "price": "0.53370000",
      "qty": "9.40000000",
      "quoteQty": "5.01678000",
      "time": 1705350950049,
      "isBuyerMaker": false,
      "isBestMatch": true
   },
   {
      "id": 467229258,
      "price": "0.53370000",
      "qty": "24.80000000",
      "quoteQty": "13.23576000",
      "time": 1705350951389,
      "isBuyerMaker": false,
      "isBestMatch": true
   },
   {
      "id": 467229259,
      "price": "0.53360000",
      "qty": "48.10000000",
      "quoteQty": "25.66616000",
      "time": 1705350952758,
      "isBuyerMaker": true,
      "isBestMatch": true
   },
   {
      "id": 467229260,
      "price": "0.53360000",
      "qty": "48.10000000",
      "quoteQty": "25.66616000",
      "time": 1705350956006,
      "isBuyerMaker": true,
      "isBestMatch": true
   },
   {
      "id": 467229261,
      "price": "0.53360000",
      "qty": "549.20000000",
      "quoteQty": "293.05312000",
      "time": 1705350956007,
      "isBuyerMaker": true,
      "isBestMatch": true
   },
   {
      "id": 467229262,
      "price": "0.53360000",
      "qty": "52.40000000",
      "quoteQty": "27.96064000",
      "time": 1705350956007,
      "isBuyerMaker": true,
      "isBestMatch": true
   },
   {
      "id": 467229263,
      "price": "0.53360000",
      "qty": "37.40000000",
      "quoteQty": "19.95664000",
      "time": 1705350956007,
      "isBuyerMaker": true,
      "isBestMatch": true
   },
   {
      "id": 467229264,
      "price": "0.53360000",
      "qty": "9.60000000",
      "quoteQty": "5.12256000",
      "time": 1705350956007,
      "isBuyerMaker": true,
      "isBestMatch": true
   },
   {
      "id": 467229265,
      "price": "0.53360000",
      "qty": "19.00000000",
      "quoteQty": "10.13840000",
      "time": 1705350956811,
      "isBuyerMaker": false,
      "isBestMatch": true
   },
   {
      "id": 467229266,
      "price": "0.53360000",
      "qty": "22.40000000",
      "quoteQty": "11.95264000",
      "time": 1705350958045,
      "isBuyerMaker": false,
      "isBestMatch": true
   },
   {
      "id": 467229267,
      "price": "0.53350000",
      "qty": "15.90000000",
      "quoteQty": "8.48265000",
      "time": 1705350959491,
      "isBuyerMaker": true,
      "isBestMatch": true
   },
   {
      "id": 467229268,
      "price": "0.53350000",
      "qty": "12.20000000",
      "quoteQty": "6.50870000",
      "time": 1705350959491,
      "isBuyerMaker": true,
      "isBestMatch": true
   },
   {
      "id": 467229269,
      "price": "0.53350000",
      "qty": "386.80000000",
      "quoteQty": "206.35780000",
      "time": 1705350959491,
      "isBuyerMaker": true,
      "isBestMatch": true
   },
   {
      "id": 467229270,
      "price": "0.53350000",
      "qty": "310.20000000",
      "quoteQty": "165.49170000",
      "time": 1705350959491,
      "isBuyerMaker": true,
      "isBestMatch": true
   },
   {
      "id": 467229271,
      "price": "0.53350000",
      "qty": "209.60000000",
      "quoteQty": "111.82160000",
      "time": 1705350959491,
      "isBuyerMaker": true,
      "isBestMatch": true
   },
   {
      "id": 467229272,
      "price": "0.53350000",
      "qty": "273.60000000",
      "quoteQty": "145.96560000",
      "time": 1705350959491,
      "isBuyerMaker": true,
      "isBestMatch": true
   },
   {
      "id": 467229273,
      "price": "0.53350000",
      "qty": "800.90000000",
      "quoteQty": "427.28015000",
      "time": 1705350959496,
      "isBuyerMaker": true,
      "isBestMatch": true
   },
   {
      "id": 467229274,
      "price": "0.53350000",
      "qty": "380.40000000",
      "quoteQty": "202.94340000",
      "time": 1705350959511,
      "isBuyerMaker": true,
      "isBestMatch": true
   },
   {
      "id": 467229275,
      "price": "0.53360000",
      "qty": "597.30000000",
      "quoteQty": "318.71928000",
      "time": 1705350963998,
      "isBuyerMaker": false,
      "isBestMatch": true
   },
   {
      "id": 467229276,
      "price": "0.53360000",
      "qty": "237.50000000",
      "quoteQty": "126.73000000",
      "time": 1705350963998,
      "isBuyerMaker": false,
      "isBestMatch": true
   },
   {
      "id": 467229277,
      "price": "0.53360000",
      "qty": "171.20000000",
      "quoteQty": "91.35232000",
      "time": 1705350967936,
      "isBuyerMaker": true,
      "isBestMatch": true
   },
   {
      "id": 467229278,
      "price": "0.53360000",
      "qty": "190.80000000",
      "quoteQty": "101.81088000",
      "time": 1705350967936,
      "isBuyerMaker": true,
      "isBestMatch": true
   },
   {
      "id": 467229279,
      "price": "0.53360000",
      "qty": "66.20000000",
      "quoteQty": "35.32432000",
      "time": 1705350967936,
      "isBuyerMaker": true,
      "isBestMatch": true
   },
   {
      "id": 467229280,
      "price": "0.53350000",
      "qty": "146.50000000",
      "quoteQty": "78.15775000",
      "time": 1705350970361,
      "isBuyerMaker": true,
      "isBestMatch": true
   },
   {
      "id": 467229281,
      "price": "0.53350000",
      "qty": "452.00000000",
      "quoteQty": "241.14200000",
      "time": 1705350970671,
      "isBuyerMaker": true,
      "isBestMatch": true
   },
   {
      "id": 467229282,
      "price": "0.53360000",
      "qty": "29.90000000",
      "quoteQty": "15.95464000",
      "time": 1705350971419,
      "isBuyerMaker": false,
      "isBestMatch": true
   },
   {
      "id": 467229283,
      "price": "0.53350000",
      "qty": "100.60000000",
      "quoteQty": "53.67010000",
      "time": 1705350972186,
      "isBuyerMaker": true,
      "isBestMatch": true
   },
   {
      "id": 467229284,
      "price": "0.53360000",
      "qty": "112.40000000",
      "quoteQty": "59.97664000",
      "time": 1705350973744,
      "isBuyerMaker": false,
      "isBestMatch": true
   },
   {
      "id": 467229285,
      "price": "0.53360000",
      "qty": "454.90000000",
      "quoteQty": "242.73464000",
      "time": 1705350977392,
      "isBuyerMaker": false,
      "isBestMatch": true
   },
   {
      "id": 467229286,
      "price": "0.53360000",
      "qty": "135.70000000",
      "quoteQty": "72.40952000",
      "time": 1705350977392,
      "isBuyerMaker": false,
      "isBestMatch": true
   },
   {
      "id": 467229287,
      "price": "0.53370000",
      "qty": "38.60000000",
      "quoteQty": "20.60082000",
      "time": 1705350981610,
      "isBuyerMaker": false,
      "isBestMatch": true
   },
   {
      "id": 467229288,
      "price": "0.53360000",
      "qty": "1000.00000000",
      "quoteQty": "533.60000000",
      "time": 1705350983222,
      "isBuyerMaker": true,
      "isBestMatch": true
   },
   {
      "id": 467229289,
      "price": "0.53360000",
      "qty": "937.60000000",
      "quoteQty": "500.30336000",
      "time": 1705350983222,
      "isBuyerMaker": true,
      "isBestMatch": true
   },
   {
      "id": 467229290,
      "price": "0.53360000",
      "qty": "597.20000000",
      "quoteQty": "318.66592000",
      "time": 1705350983222,
      "isBuyerMaker": true,
      "isBestMatch": true
   },
   {
      "id": 467229291,
      "price": "0.53360000",
      "qty": "1680.00000000",
      "quoteQty": "896.44800000",
      "time": 1705350983222,
      "isBuyerMaker": true,
      "isBestMatch": true
   },
   {
      "id": 467229292,
      "price": "0.53350000",
      "qty": "1441.20000000",
      "quoteQty": "768.88020000",
      "time": 1705350983222,
      "isBuyerMaker": true,
      "isBestMatch": true
   },
   {
      "id": 467229293,
      "price": "0.53360000",
      "qty": "597.20000000",
      "quoteQty": "318.66592000",
      "time": 1705350991619,
      "isBuyerMaker": false,
      "isBestMatch": true
   },
   {
      "id": 467229294,
      "price": "0.53360000",
      "qty": "80.10000000",
      "quoteQty": "42.74136000",
      "time": 1705350991619,
      "isBuyerMaker": false,
      "isBestMatch": true
   },
   {
      "id": 467229295,
      "price": "0.53370000",
      "qty": "13.80000000",
      "quoteQty": "7.36506000",
      "time": 1705350992669,
      "isBuyerMaker": false,
      "isBestMatch": true
   },
   {
      "id": 467229296,
      "price": "0.53370000",
      "qty": "35.70000000",
      "quoteQty": "19.05309000",
      "time": 1705350992669,
      "isBuyerMaker": false,
      "isBestMatch": true
   },
   {
      "id": 467229297,
      "price": "0.53370000",
      "qty": "1.70000000",
      "quoteQty": "0.90729000",
      "time": 1705350996916,
      "isBuyerMaker": false,
      "isBestMatch": true
   },
   {
      "id": 467229298,
      "price": "0.53370000",
      "qty": "18.80000000",
      "quoteQty": "10.03356000",
      "time": 1705350996916,
      "isBuyerMaker": false,
      "isBestMatch": true
   },
   {
      "id": 467229299,
      "price": "0.53370000",
      "qty": "19.90000000",
      "quoteQty": "10.62063000",
      "time": 1705350997811,
      "isBuyerMaker": false,
      "isBestMatch": true
   },
   {
      "id": 467229300,
      "price": "0.53370000",
      "qty": "558.60000000",
      "quoteQty": "298.12482000",
      "time": 1705351002822,
      "isBuyerMaker": false,
      "isBestMatch": true
   },
   {
      "id": 467229301,
      "price": "0.53380000",
      "qty": "354.00000000",
      "quoteQty": "188.96520000",
      "time": 1705351008754,
      "isBuyerMaker": false,
      "isBestMatch": true
   },
   {
      "id": 467229302,
      "price": "0.53380000",
      "qty": "6.10000000",
      "quoteQty": "3.25618000",
      "time": 1705351008754,
      "isBuyerMaker": false,
      "isBestMatch": true
   },
   {
      "id": 467229303,
      "price": "0.53380000",
      "qty": "141.70000000",
      "quoteQty": "75.63946000",
      "time": 1705351008829,
      "isBuyerMaker": false,
      "isBestMatch": true
   },
   {
      "id": 467229304,
      "price": "0.53380000",
      "qty": "1865.80000000",
      "quoteQty": "995.96404000",
      "time": 1705351008829,
      "isBuyerMaker": false,
      "isBestMatch": true
   },
   {
      "id": 467229305,
      "price": "0.53400000",
      "qty": "11.50000000",
      "quoteQty": "6.14100000",
      "time": 1705351016087,
      "isBuyerMaker": false,
      "isBestMatch": true
   },
   {
      "id": 467229306,
      "price": "0.53390000",
      "qty": "26.00000000",
      "quoteQty": "13.88140000",
      "time": 1705351016897,
      "isBuyerMaker": true,
      "isBestMatch": true
   },
   {
      "id": 467229307,
      "price": "0.53400000",
      "qty": "1142.50000000",
      "quoteQty": "610.09500000",
      "time": 1705351017539,
      "isBuyerMaker": false,
      "isBestMatch": true
   },
   {
      "id": 467229308,
      "price": "0.53390000",
      "qty": "482.00000000",
      "quoteQty": "257.33980000",
      "time": 1705351019854,
      "isBuyerMaker": true,
      "isBestMatch": true
   },
   {
      "id": 467229309,
      "price": "0.53400000",
      "qty": "596.60000000",
      "quoteQty": "318.58440000",
      "time": 1705351021065,
      "isBuyerMaker": false,
      "isBestMatch": true
   },
   {
      "id": 467229310,
      "price": "0.53400000",
      "qty": "1000.00000000",
      "quoteQty": "534.00000000",
      "time": 1705351021065,
      "isBuyerMaker": false,
      "isBestMatch": true
   },
   {
      "id": 467229311,
      "price": "0.53400000",
      "qty": "1473.90000000",
      "quoteQty": "787.06260000",
      "time": 1705351021065,
      "isBuyerMaker": false,
      "isBestMatch": true
   },
   {
      "id": 467229312,
      "price": "0.53400000",
      "qty": "134.80000000",
      "quoteQty": "71.98320000",
      "time": 1705351021065,
      "isBuyerMaker": false,
      "isBestMatch": true
   },
   {
      "id": 467229313,
      "price": "0.53410000",
      "qty": "468.40000000",
      "quoteQty": "250.17244000",
      "time": 1705351021065,
      "isBuyerMaker": false,
      "isBestMatch": true
   },
   {
      "id": 467229314,
      "price": "0.53410000",
      "qty": "596.60000000",
      "quoteQty": "318.64406000",
      "time": 1705351021065,
      "isBuyerMaker": false,
      "isBestMatch": true
   },
   {
      "id": 467229315,
      "price": "0.53410000",
      "qty": "1000.00000000",
      "quoteQty": "534.10000000",
      "time": 1705351021065,
      "isBuyerMaker": false,
      "isBestMatch": true
   },
   {
      "id": 467229316,
      "price": "0.53410000",
      "qty": "1579.90000000",
      "quoteQty": "843.82459000",
      "time": 1705351021065,
      "isBuyerMaker": false,
      "isBestMatch": true
   },
   {
      "id": 467229317,
      "price": "0.53410000",
      "qty": "2094.90000000",
      "quoteQty": "1118.88609000",
      "time": 1705351021065,
      "isBuyerMaker": false,
      "isBestMatch": true
   },
   {
      "id": 467229318,
      "price": "0.53410000",
      "qty": "14.10000000",
      "quoteQty": "7.53081000",
      "time": 1705351021065,
      "isBuyerMaker": false,
      "isBestMatch": true
   },
   {
      "id": 467229319,
      "price": "0.53410000",
      "qty": "5488.10000000",
      "quoteQty": "2931.19421000",
      "time": 1705351021065,
      "isBuyerMaker": false,
      "isBestMatch": true
   },
   {
      "id": 467229320,
      "price": "0.53410000",
      "qty": "4312.30000000",
      "quoteQty": "2303.19943000",
      "time": 1705351021065,
      "isBuyerMaker": false,
      "isBestMatch": true
   },
   {
      "id": 467229321,
      "price": "0.53410000",
      "qty": "2271.30000000",
      "quoteQty": "1213.10133000",
      "time": 1705351021065,
      "isBuyerMaker": false,
      "isBestMatch": true
   },
   {
      "id": 467229322,
      "price": "0.53410000",
      "qty": "3200.00000000",
      "quoteQty": "1709.12000000",
      "time": 1705351021065,
      "isBuyerMaker": false,
      "isBestMatch": true
   },
   {
      "id": 467229323,
      "price": "0.53410000",
      "qty": "936.80000000",
      "quoteQty": "500.34488000",
      "time": 1705351021065,
      "isBuyerMaker": false,
      "isBestMatch": true
   },
   {
      "id": 467229324,
      "price": "0.53410000",
      "qty": "4.00000000",
      "quoteQty": "2.13640000",
      "time": 1705351021065,
      "isBuyerMaker": false,
      "isBestMatch": true
   },
   {
      "id": 467229325,
      "price": "0.53410000",
      "qty": "2214.90000000",
      "quoteQty": "1182.97809000",
      "time": 1705351021074,
      "isBuyerMaker": false,
      "isBestMatch": true
   },
   {
      "id": 467229326,
      "price": "0.53400000",
      "qty": "9.60000000",
      "quoteQty": "5.12640000",
      "time": 1705351021077,
      "isBuyerMaker": true,
      "isBestMatch": true
   },
   {
      "id": 467229327,
      "price": "0.53400000",
      "qty": "69.90000000",
      "quoteQty": "37.32660000",
      "time": 1705351021114,
      "isBuyerMaker": true,
      "isBestMatch": true
   },
   {
      "id": 467229328,
      "price": "0.53410000",
      "qty": "213.90000000",
      "quoteQty": "114.24399000",
      "time": 1705351023243,
      "isBuyerMaker": false,
      "isBestMatch": true
   },
   {
      "id": 467229329,
      "price": "0.53410000",
      "qty": "786.10000000",
      "quoteQty": "419.85601000",
      "time": 1705351025644,
      "isBuyerMaker": false,
      "isBestMatch": true
   },
   {
      "id": 467229330,
      "price": "0.53410000",
      "qty": "749.00000000",
      "quoteQty": "400.04090000",
      "time": 1705351025644,
      "isBuyerMaker": false,
      "isBestMatch": true
   },
   {
      "id": 467229331,
      "price": "0.53410000",
      "qty": "763.10000000",
      "quoteQty": "407.57171000",
      "time": 1705351025644,
      "isBuyerMaker": false,
      "isBestMatch": true
   },
   {
      "id": 467229332,
      "price": "0.53410000",
      "qty": "10.00000000",
      "quoteQty": "5.34100000",
      "time": 1705351032056,
      "isBuyerMaker": false,
      "isBestMatch": true
   },
   {
      "id": 467229333,
      "price": "0.53410000",
      "qty": "114.30000000",
      "quoteQty": "61.04763000",
      "time": 1705351032056,
      "isBuyerMaker": false,
      "isBestMatch": true
   },
   {
      "id": 467229334,
      "price": "0.53430000",
      "qty": "14.50000000",
      "quoteQty": "7.74735000",
      "time": 1705351034660,
      "isBuyerMaker": false,
      "isBestMatch": true
   },
   {
      "id": 467229335,
      "price": "0.53430000",
      "qty": "86.50000000",
      "quoteQty": "46.21695000",
      "time": 1705351034660,
      "isBuyerMaker": false,
      "isBestMatch": true
   },
   {
      "id": 467229336,
      "price": "0.53440000",
      "qty": "14.70000000",
      "quoteQty": "7.85568000",
      "time": 1705351040756,
      "isBuyerMaker": false,
      "isBestMatch": true
   },
   {
      "id": 467229337,
      "price": "0.53440000",
      "qty": "484.00000000",
      "quoteQty": "258.64960000",
      "time": 1705351040756,
      "isBuyerMaker": false,
      "isBestMatch": true
   },
   {
      "id": 467229338,
      "price": "0.53430000",
      "qty": "596.80000000",
      "quoteQty": "318.87024000",
      "time": 1705351045732,
      "isBuyerMaker": true,
      "isBestMatch": true
   },
   {
      "id": 467229339,
      "price": "0.53430000",
      "qty": "27.40000000",
      "quoteQty": "14.63982000",
      "time": 1705351045732,
      "isBuyerMaker": true,
      "isBestMatch": true
   },
   {
      "id": 467229340,
      "price": "0.53430000",
      "qty": "21.20000000",
      "quoteQty": "11.32716000",
      "time": 1705351050280,
      "isBuyerMaker": false,
      "isBestMatch": true
   },
   {
      "id": 467229341,
      "price": "0.53430000",
      "qty": "596.40000000",
      "quoteQty": "318.65652000",
      "time": 1705351052780,
      "isBuyerMaker": true,
      "isBestMatch": true
   },
   {
      "id": 467229342,
      "price": "0.53430000",
      "qty": "268.30000000",
      "quoteQty": "143.35269000",
      "time": 1705351052780,
      "isBuyerMaker": true,
      "isBestMatch": true
   },
   {
      "id": 467229343,
      "price": "0.53430000",
      "qty": "596.40000000",
      "quoteQty": "318.65652000",
      "time": 1705351053279,
      "isBuyerMaker": true,
      "isBestMatch": true
   },
   {
      "id": 467229344,
      "price": "0.53430000",
      "qty": "203.80000000",
      "quoteQty": "108.89034000",
      "time": 1705351053279,
      "isBuyerMaker": true,
      "isBestMatch": true
   },
   {
      "id": 467229345,
      "price": "0.53420000",
      "qty": "21.70000000",
      "quoteQty": "11.59214000",
      "time": 1705351063852,
      "isBuyerMaker": true,
      "isBestMatch": true
   },
   {
      "id": 467229346,
      "price": "0.53420000",
      "qty": "9.60000000",
      "quoteQty": "5.12832000",
      "time": 1705351066243,
      "isBuyerMaker": true,
      "isBestMatch": true
   },
   {
      "id": 467229347,
      "price": "0.53430000",
      "qty": "17.90000000",
      "quoteQty": "9.56397000",
      "time": 1705351071412,
      "isBuyerMaker": false,
      "isBestMatch": true
   },
   {
      "id": 467229348,
      "price": "0.53430000",
      "qty": "578.50000000",
      "quoteQty": "309.09255000",
      "time": 1705351074507,
      "isBuyerMaker": false,
      "isBestMatch": true
   },
   {
      "id": 467229349,
      "price": "0.53430000",
      "qty": "23.50000000",
      "quoteQty": "12.55605000",
      "time": 1705351074507,
      "isBuyerMaker": false,
      "isBestMatch": true
   },
   {
      "id": 467229350,
      "price": "0.53440000",
      "qty": "23.50000000",
      "quoteQty": "12.55840000",
      "time": 1705351074793,
      "isBuyerMaker": false,
      "isBestMatch": true
   },
   {
      "id": 467229351,
      "price": "0.53440000",
      "qty": "46.90000000",
      "quoteQty": "25.06336000",
      "time": 1705351077259,
      "isBuyerMaker": true,
      "isBestMatch": true
   },
   {
      "id": 467229352,
      "price": "0.53440000",
      "qty": "533.40000000",
      "quoteQty": "285.04896000",
      "time": 1705351081813,
      "isBuyerMaker": true,
      "isBestMatch": true
   },
   {
      "id": 467229353,
      "price": "0.53450000",
      "qty": "378.40000000",
      "quoteQty": "202.25480000",
      "time": 1705351084637,
      "isBuyerMaker": false,
      "isBestMatch": true
   },
   {
      "id": 467229354,
      "price": "0.53450000",
      "qty": "217.70000000",
      "quoteQty": "116.36065000",
      "time": 1705351084640,
      "isBuyerMaker": false,
      "isBestMatch": true
   },
   {
      "id": 467229355,
      "price": "0.53460000",
      "qty": "121.70000000",
      "quoteQty": "65.06082000",
      "time": 1705351084982,
      "isBuyerMaker": false,
      "isBestMatch": true
   },
   {
      "id": 467229356,
      "price": "0.53470000",
      "qty": "18.60000000",
      "quoteQty": "9.94542000",
      "time": 1705351087173,
      "isBuyerMaker": false,
      "isBestMatch": true
   },
   {
      "id": 467229357,
      "price": "0.53480000",
      "qty": "130.90000000",
      "quoteQty": "70.00532000",
      "time": 1705351087173,
      "isBuyerMaker": false,
      "isBestMatch": true
   },
   {
      "id": 467229358,
      "price": "0.53480000",
      "qty": "14.60000000",
      "quoteQty": "7.80808000",
      "time": 1705351087173,
      "isBuyerMaker": false,
      "isBestMatch": true
   },
   {
      "id": 467229359,
      "price": "0.53480000",
      "qty": "14.60000000",
      "quoteQty": "7.80808000",
      "time": 1705351087173,
      "isBuyerMaker": false,
      "isBestMatch": true
   },
   {
      "id": 467229360,
      "price": "0.53480000",
      "qty": "169.60000000",
      "quoteQty": "90.70208000",
      "time": 1705351087173,
      "isBuyerMaker": false,
      "isBestMatch": true
   },
   {
      "id": 467229361,
      "price": "0.53490000",
      "qty": "22.80000000",
      "quoteQty": "12.19572000",
      "time": 1705351090469,
      "isBuyerMaker": false,
      "isBestMatch": true
   },
   {
      "id": 467229362,
      "price": "0.53480000",
      "qty": "27.40000000",
      "quoteQty": "14.65352000",
      "time": 1705351094143,
      "isBuyerMaker": true,
      "isBestMatch": true
   },
   {
      "id": 467229363,
      "price": "0.53480000",
      "qty": "100.00000000",
      "quoteQty": "53.48000000",
      "time": 1705351094774,
      "isBuyerMaker": true,
      "isBestMatch": true
   },
   {
      "id": 467229364,
      "price": "0.53480000",
      "qty": "9.60000000",
      "quoteQty": "5.13408000",
      "time": 1705351096075,
      "isBuyerMaker": true,
      "isBestMatch": true
   },
   {
      "id": 467229365,
      "price": "0.53480000",
      "qty": "459.20000000",
      "quoteQty": "245.58016000",
      "time": 1705351098785,
      "isBuyerMaker": true,
      "isBestMatch": true
   },
   {
      "id": 467229366,
      "price": "0.53480000",
      "qty": "44.90000000",
      "quoteQty": "24.01252000",
      "time": 1705351098785,
      "isBuyerMaker": true,
      "isBestMatch": true
   },
   {
      "id": 467229367,
      "price": "0.53480000",
      "qty": "719.60000000",
      "quoteQty": "384.84208000",
      "time": 1705351098785,
      "isBuyerMaker": true,
      "isBestMatch": true
   },
   {
      "id": 467229368,
      "price": "0.53480000",
      "qty": "1871.60000000",
      "quoteQty": "1000.93168000",
      "time": 1705351098785,
      "isBuyerMaker": true,
      "isBestMatch": true
   },
   {
      "id": 467229369,
      "price": "0.53480000",
      "qty": "16.50000000",
      "quoteQty": "8.82420000",
      "time": 1705351098785,
      "isBuyerMaker": true,
      "isBestMatch": true
   },
   {
      "id": 467229370,
      "price": "0.53490000",
      "qty": "6.10000000",
      "quoteQty": "3.26289000",
      "time": 1705351100438,
      "isBuyerMaker": false,
      "isBestMatch": true
   },
   {
      "id": 467229371,
      "price": "0.53490000",
      "qty": "184.80000000",
      "quoteQty": "98.84952000",
      "time": 1705351100438,
      "isBuyerMaker": false,
      "isBestMatch": true
   },
   {
      "id": 467229372,
      "price": "0.53480000",
      "qty": "94.50000000",
      "quoteQty": "50.53860000",
      "time": 1705351103652,
      "isBuyerMaker": true,
      "isBestMatch": true
   },
   {
      "id": 467229373,
      "price": "0.53490000",
      "qty": "9.40000000",
      "quoteQty": "5.02806000",
      "time": 1705351107539,
      "isBuyerMaker": false,
      "isBestMatch": true
   },
   {
      "id": 467229374,
      "price": "0.53480000",
      "qty": "76.00000000",
      "quoteQty": "40.64480000",
      "time": 1705351110289,
      "isBuyerMaker": true,
      "isBestMatch": true
   },
   {
      "id": 467229375,
      "price": "0.53490000",
      "qty": "373.90000000",
      "quoteQty": "199.99911000",
      "time": 1705351111755,
      "isBuyerMaker": false,
      "isBestMatch": true
   },
   {
      "id": 467229376,
      "price": "0.53480000",
      "qty": "52.50000000",
      "quoteQty": "28.07700000",
      "time": 1705351112173,
      "isBuyerMaker": true,
      "isBestMatch": true
   },
   {
      "id": 467229377,
      "price": "0.53490000",
      "qty": "94.50000000",
      "quoteQty": "50.54805000",
      "time": 1705351114118,
      "isBuyerMaker": false,
      "isBestMatch": true
   },
   {
      "id": 467229378,
      "price": "0.53490000",
      "qty": "14.90000000",
      "quoteQty": "7.97001000",
      "time": 1705351114219,
      "isBuyerMaker": false,
      "isBestMatch": true
   },
   {
      "id": 467229379,
      "price": "0.53480000",
      "qty": "111.00000000",
      "quoteQty": "59.36280000",
      "time": 1705351114718,
      "isBuyerMaker": true,
      "isBestMatch": true
   },
   {
      "id": 467229380,
      "price": "0.53480000",
      "qty": "261.80000000",
      "quoteQty": "140.01064000",
      "time": 1705351117182,
      "isBuyerMaker": true,
      "isBestMatch": true
   },
   {
      "id": 467229381,
      "price": "0.53480000",
      "qty": "170.50000000",
      "quoteQty": "91.18340000",
      "time": 1705351117182,
      "isBuyerMaker": true,
      "isBestMatch": true
   },
   {
      "id": 467229382,
      "price": "0.53480000",
      "qty": "52.50000000",
      "quoteQty": "28.07700000",
      "time": 1705351117182,
      "isBuyerMaker": true,
      "isBestMatch": true
   },
   {
      "id": 467229383,
      "price": "0.53480000",
      "qty": "159.30000000",
      "quoteQty": "85.19364000",
      "time": 1705351117182,
      "isBuyerMaker": true,
      "isBestMatch": true
   },
   {
      "id": 467229384,
      "price": "0.53480000",
      "qty": "111.00000000",
      "quoteQty": "59.36280000",
      "time": 1705351117182,
      "isBuyerMaker": true,
      "isBestMatch": true
   },
   {
      "id": 467229385,
      "price": "0.53480000",
      "qty": "59.60000000",
      "quoteQty": "31.87408000",
      "time": 1705351117234,
      "isBuyerMaker": false,
      "isBestMatch": true
   },
   {
      "id": 467229386,
      "price": "0.53470000",
      "qty": "1000.00000000",
      "quoteQty": "534.70000000",
      "time": 1705351117396,
      "isBuyerMaker": true,
      "isBestMatch": true
   },
   {
      "id": 467229387,
      "price": "0.53470000",
      "qty": "595.80000000",
      "quoteQty": "318.57426000",
      "time": 1705351117396,
      "isBuyerMaker": true,
      "isBestMatch": true
   },
   {
      "id": 467229388,
      "price": "0.53460000",
      "qty": "913.50000000",
      "quoteQty": "488.35710000",
      "time": 1705351117593,
      "isBuyerMaker": true,
      "isBestMatch": true
   },
   {
      "id": 467229389,
      "price": "0.53460000",
      "qty": "596.30000000",
      "quoteQty": "318.78198000",
      "time": 1705351117593,
      "isBuyerMaker": true,
      "isBestMatch": true
   },
   {
      "id": 467229390,
      "price": "0.53460000",
      "qty": "1000.00000000",
      "quoteQty": "534.60000000",
      "time": 1705351117593,
      "isBuyerMaker": true,
      "isBestMatch": true
   },
   {
      "id": 467229391,
      "price": "0.53460000",
      "qty": "1500.00000000",
      "quoteQty": "801.90000000",
      "time": 1705351117593,
      "isBuyerMaker": true,
      "isBestMatch": true
   },
   {
      "id": 467229392,
      "price": "0.53460000",
      "qty": "41.10000000",
      "quoteQty": "21.97206000",
      "time": 1705351134847,
      "isBuyerMaker": true,
      "isBestMatch": true
   },
   {
      "id": 467229393,
      "price": "0.53460000",
      "qty": "87.00000000",
      "quoteQty": "46.51020000",
      "time": 1705351138648,
      "isBuyerMaker": false,
      "isBestMatch": true
   },
   {
      "id": 467229394,
      "price": "0.53450000",
      "qty": "189.00000000",
      "quoteQty": "101.02050000",
      "time": 1705351140282,
      "isBuyerMaker": true,
      "isBestMatch": true
   },
   {
      "id": 467229395,
      "price": "0.53450000",
      "qty": "9.60000000",
      "quoteQty": "5.13120000",
      "time": 1705351140282,
      "isBuyerMaker": true,
      "isBestMatch": true
   },
   {
      "id": 467229396,
      "price": "0.53450000",
      "qty": "1071.10000000",
      "quoteQty": "572.50295000",
      "time": 1705351140282,
      "isBuyerMaker": true,
      "isBestMatch": true
   },
   {
      "id": 467229397,
      "price": "0.53460000",
      "qty": "509.00000000",
      "quoteQty": "272.11140000",
      "time": 1705351144552,
      "isBuyerMaker": false,
      "isBestMatch": true
   },
   {
      "id": 467229398,
      "price": "0.53460000",
      "qty": "9.60000000",
      "quoteQty": "5.13216000",
      "time": 1705351144552,
      "isBuyerMaker": false,
      "isBestMatch": true
   },
   {
      "id": 467229399,
      "price": "0.53460000",
      "qty": "87.20000000",
      "quoteQty": "46.61712000",
      "time": 1705351144552,
      "isBuyerMaker": false,
      "isBestMatch": true
   },
   {
      "id": 467229400,
      "price": "0.53460000",
      "qty": "889.90000000",
      "quoteQty": "475.74054000",
      "time": 1705351144552,
      "isBuyerMaker": false,
      "isBestMatch": true
   },
   {
      "id": 467229401,
      "price": "0.53460000",
      "qty": "596.20000000",
      "quoteQty": "318.72852000",
      "time": 1705351147168,
      "isBuyerMaker": false,
      "isBestMatch": true
   },
   {
      "id": 467229402,
      "price": "0.53460000",
      "qty": "1000.00000000",
      "quoteQty": "534.60000000",
      "time": 1705351147168,
      "isBuyerMaker": false,
      "isBestMatch": true
   },
   {
      "id": 467229403,
      "price": "0.53460000",
      "qty": "28.40000000",
      "quoteQty": "15.18264000",
      "time": 1705351147168,
      "isBuyerMaker": false,
      "isBestMatch": true
   },
   {
      "id": 467229404,
      "price": "0.53470000",
      "qty": "595.90000000",
      "quoteQty": "318.62773000",
      "time": 1705351147168,
      "isBuyerMaker": false,
      "isBestMatch": true
   },
   {
      "id": 467229405,
      "price": "0.53470000",
      "qty": "1000.00000000",
      "quoteQty": "534.70000000",
      "time": 1705351147168,
      "isBuyerMaker": false,
      "isBestMatch": true
   },
   {
      "id": 467229406,
      "price": "0.53470000",
      "qty": "2048.30000000",
      "quoteQty": "1095.22601000",
      "time": 1705351147168,
      "isBuyerMaker": false,
      "isBestMatch": true
   },
   {
      "id": 467229407,
      "price": "0.53470000",
      "qty": "187.00000000",
      "quoteQty": "99.98890000",
      "time": 1705351147168,
      "isBuyerMaker": false,
      "isBestMatch": true
   },
   {
      "id": 467229408,
      "price": "0.53470000",
      "qty": "14.50000000",
      "quoteQty": "7.75315000",
      "time": 1705351147168,
      "isBuyerMaker": false,
      "isBestMatch": true
   },
   {
      "id": 467229409,
      "price": "0.53470000",
      "qty": "3290.40000000",
      "quoteQty": "1759.37688000",
      "time": 1705351147168,
      "isBuyerMaker": false,
      "isBestMatch": true
   },
   {
      "id": 467229410,
      "price": "0.53470000",
      "qty": "935.80000000",
      "quoteQty": "500.37226000",
      "time": 1705351147168,
      "isBuyerMaker": false,
      "isBestMatch": true
   },
   {
      "id": 467229411,
      "price": "0.53470000",
      "qty": "800.00000000",
      "quoteQty": "427.76000000",
      "time": 1705351147168,
      "isBuyerMaker": false,
      "isBestMatch": true
   },
   {
      "id": 467229412,
      "price": "0.53470000",
      "qty": "1814.70000000",
      "quoteQty": "970.32009000",
      "time": 1705351147168,
      "isBuyerMaker": false,
      "isBestMatch": true
   },
   {
      "id": 467229413,
      "price": "0.53470000",
      "qty": "771.20000000",
      "quoteQty": "412.36064000",
      "time": 1705351147168,
      "isBuyerMaker": false,
      "isBestMatch": true
   },
   {
      "id": 467229414,
      "price": "0.53460000",
      "qty": "1402.90000000",
      "quoteQty": "749.99034000",
      "time": 1705351157577,
      "isBuyerMaker": true,
      "isBestMatch": true
   },
   {
      "id": 467229415,
      "price": "0.53460000",
      "qty": "373.30000000",
      "quoteQty": "199.56618000",
      "time": 1705351159465,
      "isBuyerMaker": true,
      "isBestMatch": true
   },
   {
      "id": 467229416,
      "price": "0.53460000",
      "qty": "197.20000000",
      "quoteQty": "105.42312000",
      "time": 1705351159608,
      "isBuyerMaker": true,
      "isBestMatch": true
   },
   {
      "id": 467229417,
      "price": "0.53460000",
      "qty": "25.70000000",
      "quoteQty": "13.73922000",
      "time": 1705351159608,
      "isBuyerMaker": true,
      "isBestMatch": true
   },
   {
      "id": 467229418,
      "price": "0.53460000",
      "qty": "373.10000000",
      "quoteQty": "199.45926000",
      "time": 1705351159608,
      "isBuyerMaker": true,
      "isBestMatch": true
   },
   {
      "id": 467229419,
      "price": "0.53450000",
      "qty": "2391.70000000",
      "quoteQty": "1278.36365000",
      "time": 1705351160839,
      "isBuyerMaker": true,
      "isBestMatch": true
   },
   {
      "id": 467229420,
      "price": "0.53450000",
      "qty": "126.50000000",
      "quoteQty": "67.61425000",
      "time": 1705351160839,
      "isBuyerMaker": true,
      "isBestMatch": true
   },
   {
      "id": 467229421,
      "price": "0.53450000",
      "qty": "196.90000000",
      "quoteQty": "105.24305000",
      "time": 1705351160852,
      "isBuyerMaker": true,
      "isBestMatch": true
   },
   {
      "id": 467229422,
      "price": "0.53450000",
      "qty": "93.50000000",
      "quoteQty": "49.97575000",
      "time": 1705351169043,
      "isBuyerMaker": false,
      "isBestMatch": true
   },
   {
      "id": 467229423,
      "price": "0.53450000",
      "qty": "48.80000000",
      "quoteQty": "26.08360000",
      "time": 1705351169290,
      "isBuyerMaker": false,
      "isBestMatch": true
   },
   {
      "id": 467229424,
      "price": "0.53450000",
      "qty": "98.70000000",
      "quoteQty": "52.75515000",
      "time": 1705351170232,
      "isBuyerMaker": false,
      "isBestMatch": true
   },
   {
      "id": 467229425,
      "price": "0.53450000",
      "qty": "355.20000000",
      "quoteQty": "189.85440000",
      "time": 1705351171283,
      "isBuyerMaker": false,
      "isBestMatch": true
   },
   {
      "id": 467229426,
      "price": "0.53450000",
      "qty": "93.60000000",
      "quoteQty": "50.02920000",
      "time": 1705351171283,
      "isBuyerMaker": false,
      "isBestMatch": true
   },
   {
      "id": 467229427,
      "price": "0.53450000",
      "qty": "48.80000000",
      "quoteQty": "26.08360000",
      "time": 1705351171283,
      "isBuyerMaker": false,
      "isBestMatch": true
   },
   {
      "id": 467229428,
      "price": "0.53450000",
      "qty": "1000.00000000",
      "quoteQty": "534.50000000",
      "time": 1705351171283,
      "isBuyerMaker": false,
      "isBestMatch": true
   },
   {
      "id": 467229429,
      "price": "0.53450000",
      "qty": "2048.70000000",
      "quoteQty": "1095.03015000",
      "time": 1705351171283,
      "isBuyerMaker": false,
      "isBestMatch": true
   },
   {
      "id": 467229430,
      "price": "0.53450000",
      "qty": "1294.70000000",
      "quoteQty": "692.01715000",
      "time": 1705351171283,
      "isBuyerMaker": false,
      "isBestMatch": true
   },
   {
      "id": 467229431,
      "price": "0.53450000",
      "qty": "4494.80000000",
      "quoteQty": "2402.47060000",
      "time": 1705351171283,
      "isBuyerMaker": false,
      "isBestMatch": true
   },
   {
      "id": 467229432,
      "price": "0.53440000",
      "qty": "9.60000000",
      "quoteQty": "5.13024000",
      "time": 1705351172538,
      "isBuyerMaker": true,
      "isBestMatch": true
   },
   {
      "id": 467229433,
      "price": "0.53440000",
      "qty": "10.60000000",
      "quoteQty": "5.66464000",
      "time": 1705351172538,
      "isBuyerMaker": true,
      "isBestMatch": true
   },
   {
      "id": 467229434,
      "price": "0.53440000",
      "qty": "596.30000000",
      "quoteQty": "318.66272000",
      "time": 1705351172538,
      "isBuyerMaker": true,
      "isBestMatch": true
   },
   {
      "id": 467229435,
      "price": "0.53430000",
      "qty": "18.40000000",
      "quoteQty": "9.83112000",
      "time": 1705351173721,
      "isBuyerMaker": true,
      "isBestMatch": true
   },
   {
      "id": 467229436,
      "price": "0.53440000",
      "qty": "107.20000000",
      "quoteQty": "57.28768000",
      "time": 1705351175165,
      "isBuyerMaker": false,
      "isBestMatch": true
   },
   {
      "id": 467229437,
      "price": "0.53440000",
      "qty": "18.10000000",
      "quoteQty": "9.67264000",
      "time": 1705351176411,
      "isBuyerMaker": false,
      "isBestMatch": true
   },
   {
      "id": 467229438,
      "price": "0.53440000",
      "qty": "11.20000000",
      "quoteQty": "5.98528000",
      "time": 1705351176914,
      "isBuyerMaker": false,
      "isBestMatch": true
   },
   {
      "id": 467229439,
      "price": "0.53430000",
      "qty": "920.80000000",
      "quoteQty": "491.98344000",
      "time": 1705351177751,
      "isBuyerMaker": true,
      "isBestMatch": true
   },
   {
      "id": 467229440,
      "price": "0.53430000",
      "qty": "596.50000000",
      "quoteQty": "318.70995000",
      "time": 1705351177751,
      "isBuyerMaker": true,
      "isBestMatch": true
   },
   {
      "id": 467229441,
      "price": "0.53430000",
      "qty": "9.60000000",
      "quoteQty": "5.12928000",
      "time": 1705351177751,
      "isBuyerMaker": true,
      "isBestMatch": true
   },
   {
      "id": 467229442,
      "price": "0.53430000",
      "qty": "14.40000000",
      "quoteQty": "7.69392000",
      "time": 1705351177751,
      "isBuyerMaker": true,
      "isBestMatch": true
   },
   {
      "id": 467229443,
      "price": "0.53430000",
      "qty": "98.10000000",
      "quoteQty": "52.41483000",
      "time": 1705351177751,
