[
   {
      "id": 442216768,
      "price": "0.28770000",
      "qty": "3545.40000000",
      "quoteQty": "1020.01158000",
      "time": 1688907179907,
      "isBuyerMaker": true,
      "isBestMatch": true
   },
   {
      "id": 442216769,
      "price": "0.28770000",
      "qty": "277.40000000",
      "quoteQty": "79.80798000",
      "time": 1688907179907,
      "isBuyerMaker": true,
      "isBestMatch": true
   },
   {
      "id": 442216770,
      "price": "0.28770000",
      "qty": "271.20000000",
      "quoteQty": "78.02424000",
      "time": 1688907179907,
      "isBuyerMaker": true,
      "isBestMatch": true
   },
   {
      "id": 442216771,
      "price": "0.28770000",
      "qty": "476.30000000",
      "quoteQty": "137.03151000",
      "time": 1688907179907,
      "isBuyerMaker": true,
      "isBestMatch": true
   },
   {
      "id": 442216772,
      "price": "0.28770000",
      "qty": "1635.40000000",
      "quoteQty": "470.50458000",
      "time": 1688907179907,
      "isBuyerMaker": true,
      "isBestMatch": true
   },
   {
      "id": 442216773,
      "price": "0.28770000",
      "qty": "1094.30000000",
      "quoteQty": "314.83011000",
      "time": 1688907179908,
      "isBuyerMaker": true,
      "isBestMatch": true
   },
   {
      "id": 442216774,
      "price": "0.28770000",
      "qty": "2733.00000000",
      "quoteQty": "786.28410000",
      "time": 1688907179911,
      "isBuyerMaker": true,
      "isBestMatch": true
   },
   {
      "id": 442216775,
      "price": "0.28770000",
      "qty": "1006.70000000",
      "quoteQty": "289.62759000",
      "time": 1688907179912,
      "isBuyerMaker": true,
      "isBestMatch": true
   },
   {
      "id": 442216776,
      "price": "0.28770000",
      "qty": "1250.30000000",
      "quoteQty": "359.71131000",
      "time": 1688907179912,
      "isBuyerMaker": true,
      "isBestMatch": true
   },
   {
      "id": 442216777,
      "price": "0.28770000",
      "qty": "387.40000000",
      "quoteQty": "111.45498000",
      "time": 1688907179912,
      "isBuyerMaker": true,
      "isBestMatch": true
   },
   {
      "id": 442216778,
      "price": "0.28760000",
      "qty": "1395.90000000",
      "quoteQty": "401.46084000",
      "time": 1688907179912,
      "isBuyerMaker": true,
      "isBestMatch": true
   },
   {
      "id": 442216779,
      "price": "0.28760000",
      "qty": "1396.90000000",
      "quoteQty": "401.74844000",
      "time": 1688907179912,
      "isBuyerMaker": true,
      "isBestMatch": true
   },
   {
      "id": 442216780,
      "price": "0.28760000",
      "qty": "139.20000000",
      "quoteQty": "40.03392000",
      "time": 1688907179912,
      "isBuyerMaker": true,
      "isBestMatch": true
   },
   {
      "id": 442216781,
      "price": "0.28760000",
      "qty": "976.60000000",
      "quoteQty": "280.87016000",
      "time": 1688907179912,
      "isBuyerMaker": true,
      "isBestMatch": true
   },
   {
      "id": 442216782,
      "price": "0.28770000",
      "qty": "227.40000000",
      "quoteQty": "65.42298000",
      "time": 1688907179922,
      "isBuyerMaker": false,
      "isBestMatch": true
   },
   {
      "id": 442216783,
      "price": "0.28770000",
      "qty": "1167.00000000",
      "quoteQty": "335.74590000",
      "time": 1688907179923,
      "isBuyerMaker": false,
      "isBestMatch": true
   },
   {
      "id": 442216784,
      "price": "0.28770000",
      "qty": "2000.00000000",
      "quoteQty": "575.40000000",
      "time": 1688907179923,
      "isBuyerMaker": false,
      "isBestMatch": true
   },
   {
      "id": 442216785,
      "price": "0.28770000",
      "qty": "1394.90000000",
      "quoteQty": "401.31273000",
      "time": 1688907179923,
      "isBuyerMaker": false,
      "isBestMatch": true
   },
   {
      "id": 442216786,
      "price": "0.28770000",
      "qty": "2000.00000000",
      "quoteQty": "575.40000000",
      "time": 1688907179923,
      "isBuyerMaker": false,
      "isBestMatch": true
   },
   {
      "id": 442216787,
      "price": "0.28770000",
      "qty": "1394.90000000",
      "quoteQty": "401.31273000",
      "time": 1688907179923,
      "isBuyerMaker": false,
      "isBestMatch": true
   },
   {
      "id": 442216788,
      "price": "0.28770000",
      "qty": "2623.20000000",
      "quoteQty": "754.69464000",
      "time": 1688907179923,
      "isBuyerMaker": false,
      "isBestMatch": true
   },
   {
      "id": 442216789,
      "price": "0.28770000",
      "qty": "1279.90000000",
      "quoteQty": "368.22723000",
      "time": 1688907179923,
      "isBuyerMaker": false,
      "isBestMatch": true
   },
   {
      "id": 442216790,
      "price": "0.28770000",
      "qty": "347.50000000",
      "quoteQty": "99.97575000",
      "time": 1688907179923,
      "isBuyerMaker": false,
      "isBestMatch": true
   },
   {
      "id": 442216791,
      "price": "0.28770000",
      "qty": "1600.00000000",
      "quoteQty": "460.32000000",
      "time": 1688907179923,
      "isBuyerMaker": false,
      "isBestMatch": true
   },
   {
      "id": 442216792,
      "price": "0.28770000",
      "qty": "6400.00000000",
      "quoteQty": "1841.28000000",
      "time": 1688907179923,
      "isBuyerMaker": false,
      "isBestMatch": true
   },
   {
      "id": 442216793,
      "price": "0.28770000",
      "qty": "2882.90000000",
      "quoteQty": "829.41033000",
      "time": 1688907179923,
      "isBuyerMaker": false,
      "isBestMatch": true
   },
   {
      "id": 442216794,
      "price": "0.28770000",
      "qty": "317.10000000",
      "quoteQty": "91.22967000",
      "time": 1688907179926,
      "isBuyerMaker": false,
      "isBestMatch": true
   },
   {
      "id": 442216795,
      "price": "0.28770000",
      "qty": "743.20000000",
      "quoteQty": "213.81864000",
      "time": 1688907179926,
      "isBuyerMaker": false,
      "isBestMatch": true
   },
   {
      "id": 442216796,
      "price": "0.28770000",
      "qty": "2252.90000000",
      "quoteQty": "648.15933000",
      "time": 1688907179926,
      "isBuyerMaker": false,
      "isBestMatch": true
   },
   {
      "id": 442216797,
      "price": "0.28770000",
      "qty": "1396.40000000",
      "quoteQty": "401.74428000",
      "time": 1688907179927,
      "isBuyerMaker": false,
      "isBestMatch": true
   },
   {
      "id": 442216798,
      "price": "0.28770000",
      "qty": "298.60000000",
      "quoteQty": "85.90722000",
      "time": 1688907179927,
      "isBuyerMaker": false,
      "isBestMatch": true
   },
   {
      "id": 442216799,
      "price": "0.28770000",
      "qty": "379.80000000",
      "quoteQty": "109.26846000",
      "time": 1688907179928,
      "isBuyerMaker": false,
      "isBestMatch": true
   },
   {
      "id": 442216800,
      "price": "0.28770000",
      "qty": "364.10000000",
      "quoteQty": "104.75157000",
      "time": 1688907179930,
      "isBuyerMaker": false,
      "isBestMatch": true
   },
   {
      "id": 442216801,
      "price": "0.28770000",
      "qty": "347.50000000",
      "quoteQty": "99.97575000",
      "time": 1688907179930,
      "isBuyerMaker": false,
      "isBestMatch": true
   },
   {
      "id": 442216802,
      "price": "0.28770000",
      "qty": "1265.30000000",
      "quoteQty": "364.02681000",
      "time": 1688907179930,
      "isBuyerMaker": false,
      "isBestMatch": true
   },
   {
      "id": 442216803,
      "price": "0.28780000",
      "qty": "1318.40000000",
      "quoteQty": "379.43552000",
      "time": 1688907179930,
      "isBuyerMaker": false,
      "isBestMatch": true
   },
   {
      "id": 442216804,
      "price": "0.28780000",
      "qty": "231.60000000",
      "quoteQty": "66.65448000",
      "time": 1688907179930,
      "isBuyerMaker": false,
      "isBestMatch": true
   },
   {
      "id": 442216805,
      "price": "0.28780000",
      "qty": "311.90000000",
      "quoteQty": "89.76482000",
      "time": 1688907179933,
      "isBuyerMaker": false,
      "isBestMatch": true
   },
   {
      "id": 442216806,
      "price": "0.28770000",
      "qty": "1080.70000000",
      "quoteQty": "310.91739000",
      "time": 1688907179969,
      "isBuyerMaker": true,
      "isBestMatch": true
   },
   {
      "id": 442216807,
      "price": "0.28770000",
      "qty": "1733.40000000",
      "quoteQty": "498.69918000",
      "time": 1688907179969,
      "isBuyerMaker": true,
      "isBestMatch": true
   },
   {
      "id": 442216808,
      "price": "0.28770000",
      "qty": "2623.20000000",
      "quoteQty": "754.69464000",
      "time": 1688907179969,
      "isBuyerMaker": true,
      "isBestMatch": true
   },
   {
      "id": 442216809,
      "price": "0.28770000",
      "qty": "250.80000000",
      "quoteQty": "72.15516000",
      "time": 1688907179969,
      "isBuyerMaker": true,
      "isBestMatch": true
   },
   {
      "id": 442216810,
      "price": "0.28770000",
      "qty": "3497.60000000",
      "quoteQty": "1006.25952000",
      "time": 1688907179969,
      "isBuyerMaker": true,
      "isBestMatch": true
   },
   {
      "id": 442216811,
      "price": "0.28770000",
      "qty": "1024.30000000",
      "quoteQty": "294.69111000",
      "time": 1688907179969,
      "isBuyerMaker": true,
      "isBestMatch": true
   },
   {
      "id": 442216812,
      "price": "0.28770000",
      "qty": "1773.70000000",
      "quoteQty": "510.29349000",
      "time": 1688907179980,
      "isBuyerMaker": true,
      "isBestMatch": true
   },
   {
      "id": 442216813,
      "price": "0.28770000",
      "qty": "3269.30000000",
      "quoteQty": "940.57761000",
      "time": 1688907179980,
      "isBuyerMaker": true,
      "isBestMatch": true
   },
   {
      "id": 442216814,
      "price": "0.28770000",
      "qty": "82.00000000",
      "quoteQty": "23.59140000",
      "time": 1688907179980,
      "isBuyerMaker": true,
      "isBestMatch": true
   },
   {
      "id": 442216815,
      "price": "0.28770000",
      "qty": "57.20000000",
      "quoteQty": "16.45644000",
      "time": 1688907179995,
      "isBuyerMaker": true,
      "isBestMatch": true
   },
   {
      "id": 442216816,
      "price": "0.28770000",
      "qty": "1037.80000000",
      "quoteQty": "298.57506000",
      "time": 1688907179995,
      "isBuyerMaker": true,
      "isBestMatch": true
   },
   {
      "id": 442216817,
      "price": "0.28780000",
      "qty": "851.40000000",
      "quoteQty": "245.03292000",
      "time": 1688907180003,
      "isBuyerMaker": false,
      "isBestMatch": true
   },
   {
      "id": 442216818,
      "price": "0.28780000",
      "qty": "1394.90000000",
      "quoteQty": "401.45222000",
      "time": 1688907180003,
      "isBuyerMaker": false,
      "isBestMatch": true
   },
   {
      "id": 442216819,
      "price": "0.28780000",
      "qty": "2905.20000000",
      "quoteQty": "836.11656000",
      "time": 1688907180003,
      "isBuyerMaker": false,
      "isBestMatch": true
   },
   {
      "id": 442216820,
      "price": "0.28780000",
      "qty": "1596.20000000",
      "quoteQty": "459.38636000",
      "time": 1688907180005,
      "isBuyerMaker": false,
      "isBestMatch": true
   },
   {
      "id": 442216821,
      "price": "0.28780000",
      "qty": "1022.30000000",
      "quoteQty": "294.21794000",
      "time": 1688907180005,
      "isBuyerMaker": false,
      "isBestMatch": true
   },
   {
      "id": 442216822,
      "price": "0.28780000",
      "qty": "452.20000000",
      "quoteQty": "130.14316000",
      "time": 1688907180005,
      "isBuyerMaker": false,
      "isBestMatch": true
   },
   {
      "id": 442216823,
      "price": "0.28780000",
      "qty": "374.50000000",
      "quoteQty": "107.78110000",
      "time": 1688907180005,
      "isBuyerMaker": false,
      "isBestMatch": true
   },
   {
      "id": 442216824,
      "price": "0.28780000",
      "qty": "741.10000000",
      "quoteQty": "213.28858000",
      "time": 1688907180010,
      "isBuyerMaker": false,
      "isBestMatch": true
   },
   {
      "id": 442216825,
      "price": "0.28780000",
      "qty": "347.50000000",
      "quoteQty": "100.01050000",
      "time": 1688907180010,
      "isBuyerMaker": false,
      "isBestMatch": true
   },
   {
      "id": 442216826,
      "price": "0.28780000",
      "qty": "1053.10000000",
      "quoteQty": "303.08218000",
      "time": 1688907180010,
      "isBuyerMaker": false,
      "isBestMatch": true
   },
   {
      "id": 442216827,
      "price": "0.28780000",
      "qty": "657.00000000",
      "quoteQty": "189.08460000",
      "time": 1688907180010,
      "isBuyerMaker": false,
      "isBestMatch": true
   },
   {
      "id": 442216828,
      "price": "0.28780000",
      "qty": "353.10000000",
      "quoteQty": "101.62218000",
      "time": 1688907180010,
      "isBuyerMaker": false,
      "isBestMatch": true
   },
   {
      "id": 442216829,
      "price": "0.28780000",
      "qty": "446.90000000",
      "quoteQty": "128.61782000",
      "time": 1688907180017,
      "isBuyerMaker": false,
      "isBestMatch": true
   },
   {
      "id": 442216830,
      "price": "0.28780000",
      "qty": "800.00000000",
      "quoteQty": "230.24000000",
      "time": 1688907180017,
      "isBuyerMaker": false,
      "isBestMatch": true
   },
   {
      "id": 442216831,
      "price": "0.28780000",
      "qty": "799.00000000",
      "quoteQty": "229.95220000",
      "time": 1688907180017,
      "isBuyerMaker": false,
      "isBestMatch": true
   },
   {
      "id": 442216832,
      "price": "0.28780000",
      "qty": "793.00000000",
      "quoteQty": "228.22540000",
      "time": 1688907180017,
      "isBuyerMaker": false,
      "isBestMatch": true
   },
   {
      "id": 442216833,
      "price": "0.28780000",
      "qty": "1695.00000000",
      "quoteQty": "487.82100000",
      "time": 1688907180017,
      "isBuyerMaker": false,
      "isBestMatch": true
   },
   {
      "id": 442216834,
      "price": "0.28780000",
      "qty": "309.90000000",
      "quoteQty": "89.18922000",
      "time": 1688907180017,
      "isBuyerMaker": false,
      "isBestMatch": true
   },
   {
      "id": 442216835,
      "price": "0.28770000",
      "qty": "684.00000000",
      "quoteQty": "196.78680000",
      "time": 1688907180490,
      "isBuyerMaker": true,
      "isBestMatch": true
   },
   {
      "id": 442216836,
      "price": "0.28770000",
      "qty": "712.40000000",
      "quoteQty": "204.95748000",
      "time": 1688907180948,
      "isBuyerMaker": true,
      "isBestMatch": true
   },
   {
      "id": 442216837,
      "price": "0.28770000",
      "qty": "104.20000000",
      "quoteQty": "29.97834000",
      "time": 1688907180948,
      "isBuyerMaker": true,
      "isBestMatch": true
   },
   {
      "id": 442216838,
      "price": "0.28780000",
      "qty": "414.10000000",
      "quoteQty": "119.17798000",
      "time": 1688907186815,
      "isBuyerMaker": false,
      "isBestMatch": true
   },
   {
      "id": 442216839,
      "price": "0.28780000",
      "qty": "1421.10000000",
      "quoteQty": "408.99258000",
      "time": 1688907186815,
      "isBuyerMaker": false,
      "isBestMatch": true
   },
   {
      "id": 442216840,
      "price": "0.28780000",
      "qty": "615.80000000",
      "quoteQty": "177.22724000",
      "time": 1688907186815,
      "isBuyerMaker": false,
      "isBestMatch": true
   },
   {
      "id": 442216841,
      "price": "0.28780000",
      "qty": "634.60000000",
      "quoteQty": "182.63788000",
      "time": 1688907187287,
      "isBuyerMaker": false,
      "isBestMatch": true
   },
   {
      "id": 442216842,
      "price": "0.28780000",
      "qty": "701.10000000",
      "quoteQty": "201.77658000",
      "time": 1688907187287,
      "isBuyerMaker": false,
      "isBestMatch": true
   },
   {
      "id": 442216843,
      "price": "0.28780000",
      "qty": "347.50000000",
      "quoteQty": "100.01050000",
      "time": 1688907187287,
      "isBuyerMaker": false,
      "isBestMatch": true
   },
   {
      "id": 442216844,
      "price": "0.28780000",
      "qty": "767.80000000",
      "quoteQty": "220.97284000",
      "time": 1688907187287,
      "isBuyerMaker": false,
      "isBestMatch": true
   },
   {
      "id": 442216845,
      "price": "0.28770000",
      "qty": "1168.80000000",
      "quoteQty": "336.26376000",
      "time": 1688907188052,
      "isBuyerMaker": true,
      "isBestMatch": true
   },
   {
      "id": 442216846,
      "price": "0.28770000",
      "qty": "2108.20000000",
      "quoteQty": "606.52914000",
      "time": 1688907188052,
      "isBuyerMaker": true,
      "isBestMatch": true
   },
   {
      "id": 442216847,
      "price": "0.28780000",
      "qty": "183.70000000",
      "quoteQty": "52.86886000",
      "time": 1688907194509,
      "isBuyerMaker": false,
      "isBestMatch": true
   },
   {
      "id": 442216848,
      "price": "0.28770000",
      "qty": "338.80000000",
      "quoteQty": "97.47276000",
      "time": 1688907201109,
      "isBuyerMaker": true,
      "isBestMatch": true
   },
   {
      "id": 442216849,
      "price": "0.28770000",
      "qty": "703.60000000",
      "quoteQty": "202.42572000",
      "time": 1688907205813,
      "isBuyerMaker": true,
      "isBestMatch": true
   },
   {
      "id": 442216850,
      "price": "0.28770000",
      "qty": "499.40000000",
      "quoteQty": "143.67738000",
      "time": 1688907205813,
      "isBuyerMaker": true,
      "isBestMatch": true
   },
   {
      "id": 442216851,
      "price": "0.28770000",
      "qty": "543.00000000",
      "quoteQty": "156.22110000",
      "time": 1688907207811,
      "isBuyerMaker": true,
      "isBestMatch": true
   },
   {
      "id": 442216852,
      "price": "0.28770000",
      "qty": "3474.70000000",
      "quoteQty": "999.67119000",
      "time": 1688907207811,
      "isBuyerMaker": true,
      "isBestMatch": true
   },
   {
      "id": 442216853,
      "price": "0.28770000",
      "qty": "1395.80000000",
      "quoteQty": "401.57166000",
      "time": 1688907207811,
      "isBuyerMaker": true,
      "isBestMatch": true
   },
   {
      "id": 442216854,
      "price": "0.28770000",
      "qty": "845.50000000",
      "quoteQty": "243.25035000",
      "time": 1688907207811,
      "isBuyerMaker": true,
      "isBestMatch": true
   },
   {
      "id": 442216855,
      "price": "0.28770000",
      "qty": "196.90000000",
      "quoteQty": "56.64813000",
      "time": 1688907207814,
      "isBuyerMaker": true,
      "isBestMatch": true
   },
   {
      "id": 442216856,
      "price": "0.28770000",
      "qty": "97.70000000",
      "quoteQty": "28.10829000",
      "time": 1688907210861,
      "isBuyerMaker": false,
      "isBestMatch": true
   },
   {
      "id": 442216857,
      "price": "0.28770000",
      "qty": "2525.50000000",
      "quoteQty": "726.58635000",
      "time": 1688907213669,
      "isBuyerMaker": false,
      "isBestMatch": true
   },
   {
      "id": 442216858,
      "price": "0.28770000",
      "qty": "139.70000000",
      "quoteQty": "40.19169000",
      "time": 1688907213669,
      "isBuyerMaker": false,
      "isBestMatch": true
   },
   {
      "id": 442216859,
      "price": "0.28770000",
      "qty": "1395.90000000",
      "quoteQty": "401.60043000",
      "time": 1688907213669,
      "isBuyerMaker": false,
      "isBestMatch": true
   },
   {
      "id": 442216860,
      "price": "0.28770000",
      "qty": "285.60000000",
      "quoteQty": "82.16712000",
      "time": 1688907213669,
      "isBuyerMaker": false,
      "isBestMatch": true
   },
   {
      "id": 442216861,
      "price": "0.28770000",
      "qty": "1646.90000000",
      "quoteQty": "473.81313000",
      "time": 1688907213669,
      "isBuyerMaker": false,
      "isBestMatch": true
   },
   {
      "id": 442216862,
      "price": "0.28770000",
      "qty": "2983.70000000",
      "quoteQty": "858.41049000",
      "time": 1688907213669,
      "isBuyerMaker": false,
      "isBestMatch": true
   },
   {
      "id": 442216863,
      "price": "0.28770000",
      "qty": "1813.10000000",
      "quoteQty": "521.62887000",
      "time": 1688907213669,
      "isBuyerMaker": false,
      "isBestMatch": true
   },
   {
      "id": 442216864,
      "price": "0.28770000",
      "qty": "765.70000000",
      "quoteQty": "220.29189000",
      "time": 1688907213669,
      "isBuyerMaker": false,
      "isBestMatch": true
   },
   {
      "id": 442216865,
      "price": "0.28770000",
      "qty": "1737.60000000",
      "quoteQty": "499.90752000",
      "time": 1688907213669,
      "isBuyerMaker": false,
      "isBestMatch": true
   },
   {
      "id": 442216866,
      "price": "0.28770000",
      "qty": "10313.80000000",
      "quoteQty": "2967.28026000",
      "time": 1688907213669,
      "isBuyerMaker": false,
      "isBestMatch": true
   },
   {
      "id": 442216867,
      "price": "0.28770000",
      "qty": "3555.00000000",
      "quoteQty": "1022.77350000",
      "time": 1688907213669,
      "isBuyerMaker": false,
      "isBestMatch": true
   },
   {
      "id": 442216868,
      "price": "0.28770000",
      "qty": "493.90000000",
      "quoteQty": "142.09503000",
      "time": 1688907213669,
      "isBuyerMaker": false,
      "isBestMatch": true
   },
   {
      "id": 442216869,
      "price": "0.28770000",
      "qty": "2108.20000000",
      "quoteQty": "606.52914000",
      "time": 1688907213669,
      "isBuyerMaker": false,
      "isBestMatch": true
   },
   {
      "id": 442216870,
      "price": "0.28770000",
      "qty": "24.30000000",
      "quoteQty": "6.99111000",
      "time": 1688907213669,
      "isBuyerMaker": false,
      "isBestMatch": true
   },
   {
      "id": 442216871,
      "price": "0.28770000",
      "qty": "1405.60000000",
      "quoteQty": "404.39112000",
      "time": 1688907213669,
      "isBuyerMaker": false,
      "isBestMatch": true
   },
   {
      "id": 442216872,
      "price": "0.28770000",
      "qty": "38.00000000",
      "quoteQty": "10.93260000",
      "time": 1688907213669,
      "isBuyerMaker": false,
      "isBestMatch": true
   },
   {
      "id": 442216873,
      "price": "0.28770000",
      "qty": "943.40000000",
      "quoteQty": "271.41618000",
      "time": 1688907221235,
      "isBuyerMaker": true,
      "isBestMatch": true
   },
   {
      "id": 442216874,
      "price": "0.28770000",
      "qty": "1056.60000000",
      "quoteQty": "303.98382000",
      "time": 1688907223812,
      "isBuyerMaker": true,
      "isBestMatch": true
   },
   {
      "id": 442216875,
      "price": "0.28770000",
      "qty": "1369.20000000",
      "quoteQty": "393.91884000",
      "time": 1688907223812,
      "isBuyerMaker": true,
      "isBestMatch": true
   },
   {
      "id": 442216876,
      "price": "0.28770000",
      "qty": "191.90000000",
      "quoteQty": "55.20963000",
      "time": 1688907223812,
      "isBuyerMaker": true,
      "isBestMatch": true
   },
   {
      "id": 442216877,
      "price": "0.28780000",
      "qty": "489.40000000",
      "quoteQty": "140.84932000",
      "time": 1688907225998,
      "isBuyerMaker": false,
      "isBestMatch": true
   },
   {
      "id": 442216878,
      "price": "0.28770000",
      "qty": "150.00000000",
      "quoteQty": "43.15500000",
      "time": 1688907226511,
      "isBuyerMaker": true,
      "isBestMatch": true
   },
   {
      "id": 442216879,
      "price": "0.28780000",
      "qty": "1247.60000000",
      "quoteQty": "359.05928000",
      "time": 1688907237688,
      "isBuyerMaker": false,
      "isBestMatch": true
   },
   {
      "id": 442216880,
      "price": "0.28780000",
      "qty": "1396.30000000",
      "quoteQty": "401.85514000",
      "time": 1688907237688,
      "isBuyerMaker": false,
      "isBestMatch": true
   },
   {
      "id": 442216881,
      "price": "0.28780000",
      "qty": "243.40000000",
      "quoteQty": "70.05052000",
      "time": 1688907237688,
      "isBuyerMaker": false,
      "isBestMatch": true
   },
   {
      "id": 442216882,
      "price": "0.28780000",
      "qty": "45.40000000",
      "quoteQty": "13.06612000",
      "time": 1688907237688,
      "isBuyerMaker": false,
      "isBestMatch": true
   },
   {
      "id": 442216883,
      "price": "0.28780000",
      "qty": "1101.70000000",
      "quoteQty": "317.06926000",
      "time": 1688907237688,
      "isBuyerMaker": false,
      "isBestMatch": true
   },
   {
      "id": 442216884,
      "price": "0.28780000",
      "qty": "1718.50000000",
      "quoteQty": "494.58430000",
      "time": 1688907237738,
      "isBuyerMaker": false,
      "isBestMatch": true
   },
   {
      "id": 442216885,
      "price": "0.28780000",
      "qty": "1374.10000000",
      "quoteQty": "395.46598000",
      "time": 1688907237741,
      "isBuyerMaker": false,
      "isBestMatch": true
   },
   {
      "id": 442216886,
      "price": "0.28780000",
      "qty": "1683.40000000",
      "quoteQty": "484.48252000",
      "time": 1688907237810,
      "isBuyerMaker": false,
      "isBestMatch": true
   },
   {
      "id": 442216887,
      "price": "0.28780000",
      "qty": "5537.80000000",
      "quoteQty": "1593.77884000",
      "time": 1688907237815,
      "isBuyerMaker": false,
      "isBestMatch": true
   },
   {
      "id": 442216888,
      "price": "0.28780000",
      "qty": "72.40000000",
      "quoteQty": "20.83672000",
      "time": 1688907237815,
      "isBuyerMaker": false,
      "isBestMatch": true
   },
   {
      "id": 442216889,
      "price": "0.28780000",
      "qty": "24.50000000",
      "quoteQty": "7.05110000",
      "time": 1688907237815,
      "isBuyerMaker": false,
      "isBestMatch": true
   },
   {
      "id": 442216890,
      "price": "0.28780000",
      "qty": "123.80000000",
      "quoteQty": "35.62964000",
      "time": 1688907237815,
      "isBuyerMaker": false,
      "isBestMatch": true
   },
   {
      "id": 442216891,
      "price": "0.28780000",
      "qty": "217.60000000",
      "quoteQty": "62.62528000",
      "time": 1688907237830,
      "isBuyerMaker": false,
      "isBestMatch": true
   },
   {
      "id": 442216892,
      "price": "0.28780000",
      "qty": "100.00000000",
      "quoteQty": "28.78000000",
      "time": 1688907239486,
      "isBuyerMaker": true,
      "isBestMatch": true
   },
   {
      "id": 442216893,
      "price": "0.28790000",
      "qty": "699.00000000",
      "quoteQty": "201.24210000",
      "time": 1688907256996,
      "isBuyerMaker": false,
      "isBestMatch": true
   },
   {
      "id": 442216894,
      "price": "0.28790000",
      "qty": "126.30000000",
      "quoteQty": "36.36177000",
      "time": 1688907256996,
      "isBuyerMaker": false,
      "isBestMatch": true
   },
   {
      "id": 442216895,
      "price": "0.28780000",
      "qty": "1159.90000000",
      "quoteQty": "333.81922000",
      "time": 1688907259978,
      "isBuyerMaker": true,
      "isBestMatch": true
   },
   {
      "id": 442216896,
      "price": "0.28780000",
      "qty": "335.60000000",
      "quoteQty": "96.58568000",
      "time": 1688907259982,
      "isBuyerMaker": true,
      "isBestMatch": true
   },
   {
      "id": 442216897,
      "price": "0.28780000",
      "qty": "1318.40000000",
      "quoteQty": "379.43552000",
      "time": 1688907259982,
      "isBuyerMaker": true,
      "isBestMatch": true
   },
   {
      "id": 442216898,
      "price": "0.28780000",
      "qty": "1395.90000000",
      "quoteQty": "401.74002000",
      "time": 1688907259982,
      "isBuyerMaker": true,
      "isBestMatch": true
   },
   {
      "id": 442216899,
      "price": "0.28780000",
      "qty": "195.30000000",
      "quoteQty": "56.20734000",
      "time": 1688907259982,
      "isBuyerMaker": true,
      "isBestMatch": true
   },
   {
      "id": 442216900,
      "price": "0.28780000",
      "qty": "748.30000000",
      "quoteQty": "215.36074000",
      "time": 1688907259982,
      "isBuyerMaker": true,
      "isBestMatch": true
   },
   {
      "id": 442216901,
      "price": "0.28780000",
      "qty": "1962.00000000",
      "quoteQty": "564.66360000",
      "time": 1688907259982,
      "isBuyerMaker": true,
      "isBestMatch": true
   },
   {
      "id": 442216902,
      "price": "0.28780000",
      "qty": "1042.40000000",
      "quoteQty": "300.00272000",
      "time": 1688907259982,
      "isBuyerMaker": true,
      "isBestMatch": true
   },
   {
      "id": 442216903,
      "price": "0.28780000",
      "qty": "1042.40000000",
      "quoteQty": "300.00272000",
      "time": 1688907259982,
      "isBuyerMaker": true,
      "isBestMatch": true
   },
   {
      "id": 442216904,
      "price": "0.28780000",
      "qty": "347.60000000",
      "quoteQty": "100.03928000",
      "time": 1688907259982,
      "isBuyerMaker": true,
      "isBestMatch": true
   },
   {
      "id": 442216905,
      "price": "0.28780000",
      "qty": "3474.30000000",
      "quoteQty": "999.90354000",
      "time": 1688907259982,
      "isBuyerMaker": true,
      "isBestMatch": true
   },
   {
      "id": 442216906,
      "price": "0.28780000",
      "qty": "30.90000000",
      "quoteQty": "8.89302000",
      "time": 1688907259982,
      "isBuyerMaker": true,
      "isBestMatch": true
   },
   {
      "id": 442216907,
      "price": "0.28780000",
      "qty": "3474.30000000",
      "quoteQty": "999.90354000",
      "time": 1688907259982,
      "isBuyerMaker": true,
      "isBestMatch": true
   },
   {
      "id": 442216908,
      "price": "0.28780000",
      "qty": "1350.30000000",
      "quoteQty": "388.61634000",
      "time": 1688907259982,
      "isBuyerMaker": true,
      "isBestMatch": true
   },
   {
      "id": 442216909,
      "price": "0.28780000",
      "qty": "693.30000000",
      "quoteQty": "199.53174000",
      "time": 1688907260019,
      "isBuyerMaker": true,
      "isBestMatch": true
   },
   {
      "id": 442216910,
      "price": "0.28770000",
      "qty": "1045.40000000",
      "quoteQty": "300.76158000",
      "time": 1688907262355,
      "isBuyerMaker": true,
      "isBestMatch": true
   },
   {
      "id": 442216911,
      "price": "0.28770000",
      "qty": "9.10000000",
      "quoteQty": "2.61807000",
      "time": 1688907263760,
      "isBuyerMaker": true,
      "isBestMatch": true
   },
   {
      "id": 442216912,
      "price": "0.28770000",
      "qty": "167.60000000",
      "quoteQty": "48.21852000",
      "time": 1688907263760,
      "isBuyerMaker": true,
      "isBestMatch": true
   },
   {
      "id": 442216913,
      "price": "0.28770000",
      "qty": "1767.70000000",
      "quoteQty": "508.56729000",
      "time": 1688907274077,
      "isBuyerMaker": true,
      "isBestMatch": true
   },
   {
      "id": 442216914,
      "price": "0.28770000",
      "qty": "1962.00000000",
      "quoteQty": "564.46740000",
      "time": 1688907274077,
      "isBuyerMaker": true,
      "isBestMatch": true
   },
   {
      "id": 442216915,
      "price": "0.28770000",
      "qty": "340.90000000",
      "quoteQty": "98.07693000",
      "time": 1688907274077,
      "isBuyerMaker": true,
      "isBestMatch": true
   },
   {
      "id": 442216916,
      "price": "0.28770000",
      "qty": "1042.00000000",
      "quoteQty": "299.78340000",
      "time": 1688907274077,
      "isBuyerMaker": true,
      "isBestMatch": true
   },
   {
      "id": 442216917,
      "price": "0.28770000",
      "qty": "3475.30000000",
      "quoteQty": "999.84381000",
      "time": 1688907274077,
      "isBuyerMaker": true,
      "isBestMatch": true
   },
   {
      "id": 442216918,
      "price": "0.28770000",
      "qty": "1042.40000000",
      "quoteQty": "299.89848000",
      "time": 1688907274077,
      "isBuyerMaker": true,
      "isBestMatch": true
   },
   {
      "id": 442216919,
      "price": "0.28770000",
      "qty": "699.40000000",
      "quoteQty": "201.21738000",
      "time": 1688907274077,
      "isBuyerMaker": true,
      "isBestMatch": true
   },
   {
      "id": 442216920,
      "price": "0.28770000",
      "qty": "758.90000000",
      "quoteQty": "218.33553000",
      "time": 1688907274077,
      "isBuyerMaker": true,
      "isBestMatch": true
   },
   {
      "id": 442216921,
      "price": "0.28760000",
      "qty": "110.00000000",
      "quoteQty": "31.63600000",
      "time": 1688907274151,
      "isBuyerMaker": true,
      "isBestMatch": true
   },
   {
      "id": 442216922,
      "price": "0.28760000",
      "qty": "428.00000000",
      "quoteQty": "123.09280000",
      "time": 1688907274151,
      "isBuyerMaker": true,
      "isBestMatch": true
   },
   {
      "id": 442216923,
      "price": "0.28760000",
      "qty": "328.60000000",
      "quoteQty": "94.50536000",
      "time": 1688907274196,
      "isBuyerMaker": true,
      "isBestMatch": true
   },
   {
      "id": 442216924,
      "price": "0.28750000",
      "qty": "768.10000000",
      "quoteQty": "220.82875000",
      "time": 1688907274394,
      "isBuyerMaker": true,
      "isBestMatch": true
   },
   {
      "id": 442216925,
      "price": "0.28760000",
      "qty": "139.10000000",
      "quoteQty": "40.00516000",
      "time": 1688907276735,
      "isBuyerMaker": false,
      "isBestMatch": true
   },
   {
      "id": 442216926,
      "price": "0.28750000",
      "qty": "305.90000000",
      "quoteQty": "87.94625000",
      "time": 1688907277817,
      "isBuyerMaker": true,
      "isBestMatch": true
   },
   {
      "id": 442216927,
      "price": "0.28750000",
      "qty": "940.70000000",
      "quoteQty": "270.45125000",
      "time": 1688907289322,
      "isBuyerMaker": true,
      "isBestMatch": true
   },
   {
      "id": 442216928,
      "price": "0.28750000",
      "qty": "34.80000000",
      "quoteQty": "10.00500000",
      "time": 1688907300271,
      "isBuyerMaker": true,
      "isBestMatch": true
   },
   {
      "id": 442216929,
      "price": "0.28760000",
      "qty": "1345.40000000",
      "quoteQty": "386.93704000",
      "time": 1688907307960,
      "isBuyerMaker": false,
      "isBestMatch": true
   },
   {
      "id": 442216930,
      "price": "0.28760000",
      "qty": "3043.90000000",
      "quoteQty": "875.42564000",
      "time": 1688907307960,
      "isBuyerMaker": false,
      "isBestMatch": true
   },
   {
      "id": 442216931,
      "price": "0.28760000",
      "qty": "1399.00000000",
      "quoteQty": "402.35240000",
      "time": 1688907307960,
      "isBuyerMaker": false,
      "isBestMatch": true
   },
   {
      "id": 442216932,
      "price": "0.28760000",
      "qty": "2000.00000000",
      "quoteQty": "575.20000000",
      "time": 1688907307960,
      "isBuyerMaker": false,
      "isBestMatch": true
   },
   {
      "id": 442216933,
      "price": "0.28760000",
      "qty": "1395.90000000",
      "quoteQty": "401.46084000",
      "time": 1688907307960,
      "isBuyerMaker": false,
      "isBestMatch": true
   },
   {
      "id": 442216934,
      "price": "0.28760000",
      "qty": "3493.80000000",
      "quoteQty": "1004.81688000",
      "time": 1688907307960,
      "isBuyerMaker": false,
      "isBestMatch": true
   },
   {
      "id": 442216935,
      "price": "0.28760000",
      "qty": "817.50000000",
      "quoteQty": "235.11300000",
      "time": 1688907307960,
      "isBuyerMaker": false,
      "isBestMatch": true
   },
   {
      "id": 442216936,
      "price": "0.28760000",
      "qty": "1748.80000000",
      "quoteQty": "502.95488000",
      "time": 1688907307960,
      "isBuyerMaker": false,
      "isBestMatch": true
   },
   {
      "id": 442216937,
      "price": "0.28760000",
      "qty": "1430.70000000",
      "quoteQty": "411.46932000",
      "time": 1688907307960,
      "isBuyerMaker": false,
      "isBestMatch": true
   },
   {
      "id": 442216938,
      "price": "0.28760000",
      "qty": "3169.80000000",
      "quoteQty": "911.63448000",
      "time": 1688907307960,
      "isBuyerMaker": false,
      "isBestMatch": true
   },
   {
      "id": 442216939,
      "price": "0.28760000",
      "qty": "1738.30000000",
      "quoteQty": "499.93508000",
      "time": 1688907307960,
      "isBuyerMaker": false,
      "isBestMatch": true
   },
   {
      "id": 442216940,
      "price": "0.28760000",
      "qty": "347.60000000",
      "quoteQty": "99.96976000",
      "time": 1688907307960,
      "isBuyerMaker": false,
      "isBestMatch": true
   },
   {
      "id": 442216941,
      "price": "0.28760000",
      "qty": "353.20000000",
      "quoteQty": "101.58032000",
      "time": 1688907307960,
      "isBuyerMaker": false,
      "isBestMatch": true
   },
   {
      "id": 442216942,
      "price": "0.28760000",
      "qty": "751.40000000",
      "quoteQty": "216.10264000",
      "time": 1688907307960,
      "isBuyerMaker": false,
      "isBestMatch": true
   },
   {
      "id": 442216943,
      "price": "0.28770000",
      "qty": "41.80000000",
      "quoteQty": "12.02586000",
      "time": 1688907312976,
      "isBuyerMaker": false,
      "isBestMatch": true
   },
   {
      "id": 442216944,
      "price": "0.28760000",
      "qty": "1958.70000000",
      "quoteQty": "563.32212000",
      "time": 1688907332461,
      "isBuyerMaker": true,
      "isBestMatch": true
   },
   {
      "id": 442216945,
      "price": "0.28760000",
      "qty": "1396.90000000",
      "quoteQty": "401.74844000",
      "time": 1688907332461,
      "isBuyerMaker": true,
      "isBestMatch": true
   },
   {
      "id": 442216946,
      "price": "0.28760000",
      "qty": "760.50000000",
      "quoteQty": "218.71980000",
      "time": 1688907332461,
      "isBuyerMaker": true,
      "isBestMatch": true
   },
   {
      "id": 442216947,
      "price": "0.28760000",
      "qty": "3476.50000000",
      "quoteQty": "999.84140000",
      "time": 1688907332461,
      "isBuyerMaker": true,
      "isBestMatch": true
   },
   {
      "id": 442216948,
      "price": "0.28760000",
      "qty": "1043.10000000",
      "quoteQty": "299.99556000",
      "time": 1688907332461,
      "isBuyerMaker": true,
      "isBestMatch": true
   },
   {
      "id": 442216949,
      "price": "0.28760000",
      "qty": "1043.10000000",
      "quoteQty": "299.99556000",
      "time": 1688907332461,
      "isBuyerMaker": true,
      "isBestMatch": true
   },
   {
      "id": 442216950,
      "price": "0.28760000",
      "qty": "1395.90000000",
      "quoteQty": "401.46084000",
      "time": 1688907332461,
      "isBuyerMaker": true,
      "isBestMatch": true
   },
   {
      "id": 442216951,
      "price": "0.28760000",
      "qty": "3476.20000000",
      "quoteQty": "999.75512000",
      "time": 1688907332461,
      "isBuyerMaker": true,
      "isBestMatch": true
   },
   {
      "id": 442216952,
      "price": "0.28760000",
      "qty": "1738.30000000",
      "quoteQty": "499.93508000",
      "time": 1688907332461,
      "isBuyerMaker": true,
      "isBestMatch": true
   },
   {
      "id": 442216953,
      "price": "0.28760000",
      "qty": "69.90000000",
      "quoteQty": "20.10324000",
      "time": 1688907339067,
      "isBuyerMaker": false,
      "isBestMatch": true
   },
   {
      "id": 442216954,
      "price": "0.28760000",
      "qty": "500.00000000",
      "quoteQty": "143.80000000",
      "time": 1688907352667,
      "isBuyerMaker": false,
      "isBestMatch": true
   },
   {
      "id": 442216955,
      "price": "0.28750000",
      "qty": "100.00000000",
      "quoteQty": "28.75000000",
      "time": 1688907357458,
      "isBuyerMaker": true,
      "isBestMatch": true
   },
   {
      "id": 442216956,
      "price": "0.28750000",
      "qty": "1314.90000000",
      "quoteQty": "378.03375000",
      "time": 1688907359841,
      "isBuyerMaker": true,
      "isBestMatch": true
   },
   {
      "id": 442216957,
      "price": "0.28750000",
      "qty": "21476.70000000",
      "quoteQty": "6174.55125000",
      "time": 1688907361971,
      "isBuyerMaker": true,
      "isBestMatch": true
   },
   {
      "id": 442216958,
      "price": "0.28750000",
      "qty": "35.80000000",
      "quoteQty": "10.29250000",
      "time": 1688907370343,
      "isBuyerMaker": true,
      "isBestMatch": true
   },
   {
      "id": 442216959,
      "price": "0.28750000",
      "qty": "2142.80000000",
      "quoteQty": "616.05500000",
      "time": 1688907391967,
      "isBuyerMaker": true,
      "isBestMatch": true
   },
   {
      "id": 442216960,
      "price": "0.28750000",
      "qty": "880.50000000",
      "quoteQty": "253.14375000",
      "time": 1688907411299,
      "isBuyerMaker": true,
      "isBestMatch": true
   },
   {
      "id": 442216961,
      "price": "0.28760000",
      "qty": "200.00000000",
      "quoteQty": "57.52000000",
      "time": 1688907424339,
      "isBuyerMaker": false,
      "isBestMatch": true
   },
   {
      "id": 442216962,
      "price": "0.28750000",
      "qty": "366.20000000",
      "quoteQty": "105.28250000",
      "time": 1688907427638,
      "isBuyerMaker": true,
      "isBestMatch": true
   },
   {
      "id": 442216963,
      "price": "0.28760000",
      "qty": "1762.00000000",
      "quoteQty": "506.75120000",
      "time": 1688907437219,
      "isBuyerMaker": false,
      "isBestMatch": true
   },
   {
      "id": 442216964,
      "price": "0.28760000",
      "qty": "841.70000000",
      "quoteQty": "242.07292000",
      "time": 1688907437219,
      "isBuyerMaker": false,
      "isBestMatch": true
   },
   {
      "id": 442216965,
      "price": "0.28760000",
      "qty": "896.60000000",
      "quoteQty": "257.86216000",
      "time": 1688907437223,
      "isBuyerMaker": false,
      "isBestMatch": true
   },
   {
      "id": 442216966,
      "price": "0.28760000",
      "qty": "188.50000000",
      "quoteQty": "54.21260000",
      "time": 1688907437223,
      "isBuyerMaker": false,
      "isBestMatch": true
   },
   {
      "id": 442216967,
      "price": "0.28770000",
      "qty": "1395.90000000",
      "quoteQty": "401.60043000",
      "time": 1688907437223,
      "isBuyerMaker": false,
      "isBestMatch": true
   },
   {
      "id": 442216968,
      "price": "0.28770000",
      "qty": "1.00000000",
      "quoteQty": "0.28770000",
      "time": 1688907437223,
      "isBuyerMaker": false,
      "isBestMatch": true
   },
   {
      "id": 442216969,
      "price": "0.28770000",
      "qty": "38.20000000",
      "quoteQty": "10.99014000",
      "time": 1688907450568,
      "isBuyerMaker": false,
      "isBestMatch": true
   },
   {
      "id": 442216970,
      "price": "0.28770000",
      "qty": "695.10000000",
      "quoteQty": "199.98027000",
      "time": 1688907451057,
      "isBuyerMaker": false,
      "isBestMatch": true
   },
   {
      "id": 442216971,
      "price": "0.28770000",
      "qty": "4789.40000000",
      "quoteQty": "1377.91038000",
      "time": 1688907480641,
      "isBuyerMaker": false,
      "isBestMatch": true
   },
   {
      "id": 442216972,
      "price": "0.28770000",
      "qty": "445.60000000",
      "quoteQty": "128.19912000",
      "time": 1688907480641,
      "isBuyerMaker": false,
      "isBestMatch": true
   },
   {
      "id": 442216973,
      "price": "0.28760000",
      "qty": "33.30000000",
      "quoteQty": "9.57708000",
      "time": 1688907482715,
      "isBuyerMaker": true,
      "isBestMatch": true
   },
   {
      "id": 442216974,
      "price": "0.28760000",
      "qty": "8.50000000",
      "quoteQty": "2.44460000",
      "time": 1688907495103,
      "isBuyerMaker": true,
      "isBestMatch": true
   },
   {
      "id": 442216975,
      "price": "0.28760000",
      "qty": "430.60000000",
      "quoteQty": "123.84056000",
      "time": 1688907495103,
      "isBuyerMaker": true,
      "isBestMatch": true
   },
   {
      "id": 442216976,
      "price": "0.28770000",
      "qty": "175.90000000",
      "quoteQty": "50.60643000",
      "time": 1688907602729,
      "isBuyerMaker": false,
      "isBestMatch": true
   },
   {
      "id": 442216977,
      "price": "0.28770000",
      "qty": "717.10000000",
      "quoteQty": "206.30967000",
      "time": 1688907602922,
      "isBuyerMaker": false,
      "isBestMatch": true
   },
   {
      "id": 442216978,
      "price": "0.28770000",
      "qty": "40.00000000",
      "quoteQty": "11.50800000",
      "time": 1688907603366,
      "isBuyerMaker": false,
      "isBestMatch": true
   },
   {
      "id": 442216979,
      "price": "0.28770000",
      "qty": "5711.60000000",
      "quoteQty": "1643.22732000",
      "time": 1688907604434,
      "isBuyerMaker": false,
      "isBestMatch": true
   },
   {
      "id": 442216980,
      "price": "0.28770000",
      "qty": "1393.70000000",
      "quoteQty": "400.96749000",
      "time": 1688907604434,
      "isBuyerMaker": false,
      "isBestMatch": true
   },
   {
      "id": 442216981,
      "price": "0.28770000",
      "qty": "25.60000000",
      "quoteQty": "7.36512000",
      "time": 1688907604434,
      "isBuyerMaker": false,
      "isBestMatch": true
   },
   {
      "id": 442216982,
      "price": "0.28770000",
      "qty": "1379.10000000",
      "quoteQty": "396.76707000",
      "time": 1688907604434,
      "isBuyerMaker": false,
      "isBestMatch": true
   },
   {
      "id": 442216983,
      "price": "0.28770000",
      "qty": "1962.00000000",
      "quoteQty": "564.46740000",
      "time": 1688907604434,
      "isBuyerMaker": false,
      "isBestMatch": true
   },
   {
      "id": 442216984,
      "price": "0.28770000",
      "qty": "1737.70000000",
      "quoteQty": "499.93629000",
      "time": 1688907604434,
      "isBuyerMaker": false,
      "isBestMatch": true
   },
   {
      "id": 442216985,
      "price": "0.28770000",
      "qty": "162.50000000",
      "quoteQty": "46.75125000",
      "time": 1688907604434,
      "isBuyerMaker": false,
      "isBestMatch": true
   },
   {
      "id": 442216986,
      "price": "0.28770000",
      "qty": "23.40000000",
      "quoteQty": "6.73218000",
      "time": 1688907604434,
      "isBuyerMaker": false,
      "isBestMatch": true
   },
   {
      "id": 442216987,
      "price": "0.28780000",
      "qty": "1395.40000000",
      "quoteQty": "401.59612000",
      "time": 1688907604434,
      "isBuyerMaker": false,
      "isBestMatch": true
   },
   {
      "id": 442216988,
      "price": "0.28780000",
      "qty": "1400.20000000",
      "quoteQty": "402.97756000",
      "time": 1688907604434,
      "isBuyerMaker": false,
      "isBestMatch": true
   },
   {
      "id": 442216989,
      "price": "0.28780000",
      "qty": "5523.20000000",
      "quoteQty": "1589.57696000",
      "time": 1688907604434,
      "isBuyerMaker": false,
      "isBestMatch": true
   },
   {
      "id": 442216990,
      "price": "0.28780000",
      "qty": "1395.40000000",
      "quoteQty": "401.59612000",
      "time": 1688907604434,
      "isBuyerMaker": false,
      "isBestMatch": true
   },
   {
      "id": 442216991,
      "price": "0.28780000",
      "qty": "9454.00000000",
      "quoteQty": "2720.86120000",
      "time": 1688907604434,
      "isBuyerMaker": false,
      "isBestMatch": true
   },
   {
      "id": 442216992,
      "price": "0.28780000",
      "qty": "1341.30000000",
      "quoteQty": "386.02614000",
      "time": 1688907604434,
      "isBuyerMaker": false,
      "isBestMatch": true
   },
   {
      "id": 442216993,
      "price": "0.28780000",
      "qty": "3721.60000000",
      "quoteQty": "1071.07648000",
      "time": 1688907604434,
      "isBuyerMaker": false,
      "isBestMatch": true
   },
   {
      "id": 442216994,
      "price": "0.28780000",
      "qty": "10313.80000000",
      "quoteQty": "2968.31164000",
      "time": 1688907604434,
      "isBuyerMaker": false,
      "isBestMatch": true
   },
   {
      "id": 442216995,
      "price": "0.28780000",
      "qty": "17376.10000000",
      "quoteQty": "5000.84158000",
      "time": 1688907604434,
      "isBuyerMaker": false,
      "isBestMatch": true
   },
   {
      "id": 442216996,
      "price": "0.28780000",
      "qty": "5714.00000000",
      "quoteQty": "1644.48920000",
      "time": 1688907604434,
      "isBuyerMaker": false,
      "isBestMatch": true
   },
   {
      "id": 442216997,
      "price": "0.28780000",
      "qty": "1100.00000000",
      "quoteQty": "316.58000000",
      "time": 1688907604434,
      "isBuyerMaker": false,
      "isBestMatch": true
   },
   {
      "id": 442216998,
      "price": "0.28780000",
      "qty": "347.40000000",
      "quoteQty": "99.98172000",
      "time": 1688907604434,
      "isBuyerMaker": false,
      "isBestMatch": true
   },
   {
      "id": 442216999,
      "price": "0.28780000",
      "qty": "1736.50000000",
      "quoteQty": "499.76470000",
      "time": 1688907604434,
      "isBuyerMaker": false,
      "isBestMatch": true
   },
   {
      "id": 442217000,
      "price": "0.28780000",
      "qty": "275.80000000",
      "quoteQty": "79.37524000",
      "time": 1688907604434,
      "isBuyerMaker": false,
      "isBestMatch": true
   },
   {
      "id": 442217001,
      "price": "0.28780000",
      "qty": "271.30000000",
      "quoteQty": "78.08014000",
      "time": 1688907604434,
      "isBuyerMaker": false,
      "isBestMatch": true
   },
   {
      "id": 442217002,
      "price": "0.28780000",
      "qty": "6592.90000000",
      "quoteQty": "1897.43662000",
      "time": 1688907604434,
      "isBuyerMaker": false,
      "isBestMatch": true
   },
   {
      "id": 442217003,
      "price": "0.28780000",
      "qty": "3940.20000000",
      "quoteQty": "1133.98956000",
      "time": 1688907604434,
      "isBuyerMaker": false,
      "isBestMatch": true
   },
   {
      "id": 442217004,
      "price": "0.28780000",
      "qty": "48.80000000",
      "quoteQty": "14.04464000",
      "time": 1688907604434,
      "isBuyerMaker": false,
      "isBestMatch": true
   },
   {
      "id": 442217005,
      "price": "0.28780000",
      "qty": "6230.00000000",
      "quoteQty": "1792.99400000",
      "time": 1688907604434,
      "isBuyerMaker": false,
      "isBestMatch": true
   },
   {
      "id": 442217006,
      "price": "0.28780000",
      "qty": "355.10000000",
      "quoteQty": "102.19778000",
      "time": 1688907604434,
      "isBuyerMaker": false,
      "isBestMatch": true
   },
   {
      "id": 442217007,
      "price": "0.28780000",
      "qty": "1737.30000000",
      "quoteQty": "499.99494000",
      "time": 1688907604434,
      "isBuyerMaker": false,
      "isBestMatch": true
   },
   {
      "id": 442217008,
      "price": "0.28780000",
      "qty": "7376.10000000",
      "quoteQty": "2122.84158000",
      "time": 1688907604434,
      "isBuyerMaker": false,
      "isBestMatch": true
   },
   {
      "id": 442217009,
      "price": "0.28780000",
      "qty": "1112.30000000",
      "quoteQty": "320.11994000",
      "time": 1688907604434,
      "isBuyerMaker": false,
      "isBestMatch": true
   },
   {
      "id": 442217010,
      "price": "0.28780000",
      "qty": "1498.40000000",
      "quoteQty": "431.23952000",
      "time": 1688907604434,
      "isBuyerMaker": false,
      "isBestMatch": true
   },
   {
      "id": 442217011,
      "price": "0.28780000",
      "qty": "4229.40000000",
      "quoteQty": "1217.22132000",
      "time": 1688907604434,
      "isBuyerMaker": false,
      "isBestMatch": true
   },
   {
      "id": 442217012,
      "price": "0.28780000",
      "qty": "7903.00000000",
      "quoteQty": "2274.48340000",
      "time": 1688907604434,
      "isBuyerMaker": false,
      "isBestMatch": true
   },
   {
      "id": 442217013,
      "price": "0.28780000",
      "qty": "25414.70000000",
      "quoteQty": "7314.35066000",
      "time": 1688907604434,
      "isBuyerMaker": false,
      "isBestMatch": true
   },
   {
      "id": 442217014,
      "price": "0.28780000",
      "qty": "4722.80000000",
      "quoteQty": "1359.22184000",
      "time": 1688907604434,
      "isBuyerMaker": false,
      "isBestMatch": true
   },
   {
      "id": 442217015,
      "price": "0.28790000",
      "qty": "1394.40000000",
      "quoteQty": "401.44776000",
      "time": 1688907604434,
      "isBuyerMaker": false,
      "isBestMatch": true
   },
   {
      "id": 442217016,
      "price": "0.28790000",
      "qty": "3421.20000000",
      "quoteQty": "984.96348000",
      "time": 1688907604434,
      "isBuyerMaker": false,
      "isBestMatch": true
   },
   {
      "id": 442217017,
      "price": "0.28790000",
      "qty": "1053.10000000",
      "quoteQty": "303.18749000",
      "time": 1688907604434,
      "isBuyerMaker": false,
      "isBestMatch": true
   },
   {
      "id": 442217018,
      "price": "0.28790000",
      "qty": "10313.80000000",
      "quoteQty": "2969.34302000",
      "time": 1688907604434,
      "isBuyerMaker": false,
      "isBestMatch": true
   },
   {
      "id": 442217019,
      "price": "0.28790000",
      "qty": "2101.60000000",
      "quoteQty": "605.05064000",
      "time": 1688907604434,
      "isBuyerMaker": false,
      "isBestMatch": true
   },
   {
      "id": 442217020,
      "price": "0.28790000",
      "qty": "8745.50000000",
      "quoteQty": "2517.82945000",
      "time": 1688907604434,
      "isBuyerMaker": false,
      "isBestMatch": true
   },
   {
      "id": 442217021,
      "price": "0.28790000",
      "qty": "7823.80000000",
      "quoteQty": "2252.47202000",
      "time": 1688907604434,
      "isBuyerMaker": false,
      "isBestMatch": true
   },
   {
      "id": 442217022,
      "price": "0.28790000",
      "qty": "17821.00000000",
      "quoteQty": "5130.66590000",
      "time": 1688907604434,
      "isBuyerMaker": false,
      "isBestMatch": true
   },
   {
      "id": 442217023,
      "price": "0.28790000",
      "qty": "60.40000000",
      "quoteQty": "17.38916000",
      "time": 1688907604434,
      "isBuyerMaker": false,
      "isBestMatch": true
   },
   {
      "id": 442217024,
      "price": "0.28790000",
      "qty": "1094.10000000",
      "quoteQty": "314.99139000",
      "time": 1688907604434,
      "isBuyerMaker": false,
      "isBestMatch": true
   },
   {
      "id": 442217025,
      "price": "0.28790000",
      "qty": "59003.50000000",
      "quoteQty": "16987.10765000",
      "time": 1688907604434,
      "isBuyerMaker": false,
      "isBestMatch": true
   },
   {
      "id": 442217026,
      "price": "0.28790000",
      "qty": "70.20000000",
      "quoteQty": "20.21058000",
      "time": 1688907604434,
      "isBuyerMaker": false,
      "isBestMatch": true
   },
   {
      "id": 442217027,
      "price": "0.28790000",
      "qty": "3440.40000000",
      "quoteQty": "990.49116000",
      "time": 1688907604434,
      "isBuyerMaker": false,
      "isBestMatch": true
   },
   {
      "id": 442217028,
      "price": "0.28790000",
      "qty": "38748.70000000",
      "quoteQty": "11155.75073000",
      "time": 1688907604434,
      "isBuyerMaker": false,
      "isBestMatch": true
   },
   {
      "id": 442217029,
      "price": "0.28790000",
      "qty": "1340.30000000",
      "quoteQty": "385.87237000",
      "time": 1688907604434,
      "isBuyerMaker": false,
      "isBestMatch": true
   },
   {
      "id": 442217030,
      "price": "0.28790000",
      "qty": "583.80000000",
      "quoteQty": "168.07602000",
      "time": 1688907604434,
      "isBuyerMaker": false,
      "isBestMatch": true
   },
   {
      "id": 442217031,
      "price": "0.28790000",
      "qty": "1800.40000000",
      "quoteQty": "518.33516000",
      "time": 1688907604434,
      "isBuyerMaker": false,
      "isBestMatch": true
   },
   {
      "id": 442217032,
      "price": "0.28790000",
      "qty": "4335.30000000",
      "quoteQty": "1248.13287000",
      "time": 1688907604434,
      "isBuyerMaker": false,
      "isBestMatch": true
   },
   {
      "id": 442217033,
      "price": "0.28790000",
      "qty": "5209.60000000",
      "quoteQty": "1499.84384000",
      "time": 1688907604434,
      "isBuyerMaker": false,
      "isBestMatch": true
   },
   {
      "id": 442217034,
      "price": "0.28790000",
      "qty": "25414.30000000",
      "quoteQty": "7316.77697000",
      "time": 1688907604434,
      "isBuyerMaker": false,
      "isBestMatch": true
   },
   {
      "id": 442217035,
      "price": "0.28800000",
      "qty": "1394.90000000",
      "quoteQty": "401.73120000",
      "time": 1688907604434,
      "isBuyerMaker": false,
      "isBestMatch": true
   },
   {
      "id": 442217036,
      "price": "0.28800000",
      "qty": "1394.90000000",
      "quoteQty": "401.73120000",
      "time": 1688907604434,
      "isBuyerMaker": false,
      "isBestMatch": true
   },
   {
      "id": 442217037,
      "price": "0.28800000",
      "qty": "1412.00000000",
      "quoteQty": "406.65600000",
      "time": 1688907604434,
      "isBuyerMaker": false,
      "isBestMatch": true
   },
   {
      "id": 442217038,
      "price": "0.28800000",
      "qty": "5522.80000000",
      "quoteQty": "1590.56640000",
      "time": 1688907604434,
      "isBuyerMaker": false,
      "isBestMatch": true
   },
   {
      "id": 442217039,
      "price": "0.28800000",
      "qty": "16568.90000000",
      "quoteQty": "4771.84320000",
      "time": 1688907604434,
      "isBuyerMaker": false,
      "isBestMatch": true
   },
   {
      "id": 442217040,
      "price": "0.28800000",
      "qty": "10313.80000000",
      "quoteQty": "2970.37440000",
      "time": 1688907604434,
      "isBuyerMaker": false,
      "isBestMatch": true
   },
   {
      "id": 442217041,
      "price": "0.28800000",
      "qty": "1100.00000000",
      "quoteQty": "316.80000000",
      "time": 1688907604434,
      "isBuyerMaker": false,
      "isBestMatch": true
   },
   {
      "id": 442217042,
      "price": "0.28800000",
      "qty": "6502.00000000",
      "quoteQty": "1872.57600000",
      "time": 1688907604434,
      "isBuyerMaker": false,
      "isBestMatch": true
   },
   {
      "id": 442217043,
      "price": "0.28800000",
      "qty": "264.50000000",
      "quoteQty": "76.17600000",
      "time": 1688907604434,
      "isBuyerMaker": false,
      "isBestMatch": true
   },
   {
      "id": 442217044,
      "price": "0.28800000",
      "qty": "40319.00000000",
      "quoteQty": "11611.87200000",
      "time": 1688907604434,
      "isBuyerMaker": false,
      "isBestMatch": true
   },
   {
      "id": 442217045,
      "price": "0.28780000",
      "qty": "1020.40000000",
      "quoteQty": "293.67112000",
      "time": 1688907604440,
      "isBuyerMaker": false,
      "isBestMatch": true
   },
   {
      "id": 442217046,
      "price": "0.28780000",
      "qty": "21.00000000",
      "quoteQty": "6.04380000",
      "time": 1688907604441,
      "isBuyerMaker": true,
      "isBestMatch": true
   },
   {
      "id": 442217047,
      "price": "0.28770000",
      "qty": "21.00000000",
      "quoteQty": "6.04170000",
      "time": 1688907604443,
      "isBuyerMaker": true,
      "isBestMatch": true
   },
   {
      "id": 442217048,
      "price": "0.28770000",
      "qty": "20.80000000",
      "quoteQty": "5.98416000",
      "time": 1688907604443,
      "isBuyerMaker": true,
      "isBestMatch": true
   },
   {
      "id": 442217049,
      "price": "0.28770000",
      "qty": "0.20000000",
      "quoteQty": "0.05754000",
      "time": 1688907604443,
      "isBuyerMaker": true,
      "isBestMatch": true
   },
   {
      "id": 442217050,
      "price": "0.28790000",
      "qty": "764.00000000",
      "quoteQty": "219.95560000",
      "time": 1688907604451,
      "isBuyerMaker": false,
      "isBestMatch": true
   },
   {
      "id": 442217051,
      "price": "0.28790000",
      "qty": "773.00000000",
      "quoteQty": "222.54670000",
      "time": 1688907604451,
      "isBuyerMaker": false,
      "isBestMatch": true
   },
   {
      "id": 442217052,
      "price": "0.28790000",
      "qty": "62.50000000",
      "quoteQty": "17.99375000",
      "time": 1688907604451,
      "isBuyerMaker": false,
      "isBestMatch": true
   },
   {
      "id": 442217053,
      "price": "0.28790000",
      "qty": "2451.00000000",
      "quoteQty": "705.64290000",
      "time": 1688907604451,
      "isBuyerMaker": false,
      "isBestMatch": true
   },
   {
      "id": 442217054,
      "price": "0.28790000",
      "qty": "3187.00000000",
      "quoteQty": "917.53730000",
      "time": 1688907604476,
      "isBuyerMaker": true,
      "isBestMatch": true
   },
   {
      "id": 442217055,
      "price": "0.28790000",
      "qty": "1396.40000000",
      "quoteQty": "402.02356000",
      "time": 1688907604477,
      "isBuyerMaker": true,
      "isBestMatch": true
   },
   {
      "id": 442217056,
      "price": "0.28790000",
      "qty": "347.80000000",
      "quoteQty": "100.13162000",
      "time": 1688907604479,
      "isBuyerMaker": true,
      "isBestMatch": true
   },
   {
      "id": 442217057,
      "price": "0.28790000",
      "qty": "1396.40000000",
      "quoteQty": "402.02356000",
      "time": 1688907604483,
      "isBuyerMaker": true,
      "isBestMatch": true
   },
   {
      "id": 442217058,
      "price": "0.28790000",
      "qty": "705.80000000",
      "quoteQty": "203.19982000",
      "time": 1688907604487,
      "isBuyerMaker": true,
      "isBestMatch": true
   },
   {
      "id": 442217059,
      "price": "0.28790000",
      "qty": "347.60000000",
      "quoteQty": "100.07404000",
      "time": 1688907604487,
      "isBuyerMaker": true,
      "isBestMatch": true
   },
   {
      "id": 442217060,
      "price": "0.28790000",
      "qty": "1394.90000000",
      "quoteQty": "401.59171000",
      "time": 1688907604487,
      "isBuyerMaker": true,
      "isBestMatch": true
   },
   {
      "id": 442217061,
      "price": "0.28790000",
      "qty": "40.00000000",
      "quoteQty": "11.51600000",
      "time": 1688907604493,
      "isBuyerMaker": true,
      "isBestMatch": true
   },
   {
      "id": 442217062,
      "price": "0.28790000",
      "qty": "1354.90000000",
      "quoteQty": "390.07571000",
      "time": 1688907604494,
      "isBuyerMaker": true,
      "isBestMatch": true
   },
   {
      "id": 442217063,
      "price": "0.28780000",
      "qty": "1396.40000000",
      "quoteQty": "401.88392000",
      "time": 1688907604496,
      "isBuyerMaker": true,
      "isBestMatch": true
   },
   {
      "id": 442217064,
      "price": "0.28780000",
      "qty": "48.80000000",
      "quoteQty": "14.04464000",
      "time": 1688907604496,
      "isBuyerMaker": true,
      "isBestMatch": true
   },
   {
      "id": 442217065,
      "price": "0.28780000",
      "qty": "347.80000000",
      "quoteQty": "100.09684000",
      "time": 1688907604496,
      "isBuyerMaker": true,
      "isBestMatch": true
   },
   {
      "id": 442217066,
      "price": "0.28780000",
      "qty": "347.60000000",
      "quoteQty": "100.03928000",
      "time": 1688907604496,
      "isBuyerMaker": true,
      "isBestMatch": true
   },
   {
      "id": 442217067,
      "price": "0.28780000",
      "qty": "1962.00000000",
      "quoteQty": "564.66360000",
      "time": 1688907604496,
      "isBuyerMaker": true,
      "isBestMatch": true
   },
   {
      "id": 442217068,
      "price": "0.28780000",
      "qty": "1042.20000000",
      "quoteQty": "299.94516000",
      "time": 1688907604496,
      "isBuyerMaker": true,
      "isBestMatch": true
   },
   {
      "id": 442217069,
      "price": "0.28780000",
      "qty": "1450.60000000",
      "quoteQty": "417.48268000",
      "time": 1688907604496,
      "isBuyerMaker": true,
      "isBestMatch": true
   },
   {
      "id": 442217070,
      "price": "0.28780000",
      "qty": "1338.70000000",
      "quoteQty": "385.27786000",
      "time": 1688907604496,
      "isBuyerMaker": true,
      "isBestMatch": true
   },
   {
      "id": 442217071,
      "price": "0.28790000",
      "qty": "2623.20000000",
      "quoteQty": "755.21928000",
      "time": 1688907604514,
      "isBuyerMaker": false,
      "isBestMatch": true
   },
   {
      "id": 442217072,
      "price": "0.28790000",
      "qty": "2000.00000000",
      "quoteQty": "575.80000000",
      "time": 1688907604514,
      "isBuyerMaker": false,
      "isBestMatch": true
   },
   {
      "id": 442217073,
      "price": "0.28790000",
      "qty": "347.80000000",
      "quoteQty": "100.13162000",
      "time": 1688907604514,
      "isBuyerMaker": false,
      "isBestMatch": true
   },
   {
      "id": 442217074,
      "price": "0.28790000",
      "qty": "1958.20000000",
      "quoteQty": "563.76578000",
      "time": 1688907604520,
      "isBuyerMaker": true,
      "isBestMatch": true
   },
   {
      "id": 442217075,
      "price": "0.28790000",
      "qty": "1962.00000000",
      "quoteQty": "564.85980000",
      "time": 1688907604520,
      "isBuyerMaker": true,
      "isBestMatch": true
   },
   {
      "id": 442217076,
      "price": "0.28790000",
      "qty": "1394.90000000",
      "quoteQty": "401.59171000",
      "time": 1688907604520,
      "isBuyerMaker": true,
      "isBestMatch": true
   },
   {
      "id": 442217077,
      "price": "0.28790000",
      "qty": "73.20000000",
      "quoteQty": "21.07428000",
      "time": 1688907604524,
      "isBuyerMaker": true,
      "isBestMatch": true
   },
   {
      "id": 442217078,
      "price": "0.28790000",
      "qty": "10313.80000000",
      "quoteQty": "2969.34302000",
      "time": 1688907604524,
      "isBuyerMaker": true,
      "isBestMatch": true
   },
   {
      "id": 442217079,
      "price": "0.28790000",
      "qty": "759.50000000",
      "quoteQty": "218.66005000",
      "time": 1688907604527,
      "isBuyerMaker": true,
      "isBestMatch": true
   },
   {
      "id": 442217080,
      "price": "0.28790000",
      "qty": "1394.90000000",
      "quoteQty": "401.59171000",
      "time": 1688907604527,
      "isBuyerMaker": true,
      "isBestMatch": true
   },
   {
      "id": 442217081,
      "price": "0.28790000",
      "qty": "10313.80000000",
      "quoteQty": "2969.34302000",
      "time": 1688907604537,
      "isBuyerMaker": true,
      "isBestMatch": true
   },
   {
      "id": 442217082,
      "price": "0.28790000",
      "qty": "553.90000000",
      "quoteQty": "159.46781000",
      "time": 1688907604537,
      "isBuyerMaker": true,
      "isBestMatch": true
   },
   {
      "id": 442217083,
      "price": "0.28780000",
      "qty": "2812.00000000",
      "quoteQty": "809.29360000",
      "time": 1688907604796,
      "isBuyerMaker": true,
      "isBestMatch": true
   },
   {
      "id": 442217084,
      "price": "0.28780000",
      "qty": "2568.30000000",
      "quoteQty": "739.15674000",
      "time": 1688907604835,
      "isBuyerMaker": true,
      "isBestMatch": true
   },
   {
      "id": 442217085,
      "price": "0.28780000",
      "qty": "4922.40000000",
      "quoteQty": "1416.66672000",
      "time": 1688907604835,
      "isBuyerMaker": true,
      "isBestMatch": true
   },
   {
      "id": 442217086,
      "price": "0.28780000",
      "qty": "2451.00000000",
      "quoteQty": "705.39780000",
      "time": 1688907604835,
      "isBuyerMaker": true,
      "isBestMatch": true
   },
   {
      "id": 442217087,
      "price": "0.28780000",
      "qty": "5024.50000000",
      "quoteQty": "1446.05110000",
      "time": 1688907604835,
      "isBuyerMaker": true,
      "isBestMatch": true
   },
   {
      "id": 442217088,
      "price": "0.28780000",
      "qty": "2812.00000000",
      "quoteQty": "809.29360000",
      "time": 1688907604839,
      "isBuyerMaker": true,
      "isBestMatch": true
   },
   {
      "id": 442217089,
      "price": "0.28780000",
      "qty": "162.30000000",
      "quoteQty": "46.70994000",
      "time": 1688907604840,
      "isBuyerMaker": true,
      "isBestMatch": true
   },
   {
      "id": 442217090,
      "price": "0.28780000",
      "qty": "3085.30000000",
      "quoteQty": "887.94934000",
      "time": 1688907604840,
      "isBuyerMaker": true,
      "isBestMatch": true
   },
   {
      "id": 442217091,
      "price": "0.28780000",
      "qty": "446.00000000",
      "quoteQty": "128.35880000",
      "time": 1688907604840,
      "isBuyerMaker": true,
      "isBestMatch": true
   },
   {
      "id": 442217092,
      "price": "0.28780000",
      "qty": "2366.00000000",
      "quoteQty": "680.93480000",
      "time": 1688907604840,
      "isBuyerMaker": true,
      "isBestMatch": true
   },
   {
      "id": 442217093,
      "price": "0.28780000",
      "qty": "2402.30000000",
      "quoteQty": "691.38194000",
      "time": 1688907604840,
      "isBuyerMaker": true,
      "isBestMatch": true
   },
   {
      "id": 442217094,
      "price": "0.28780000",
      "qty": "954.50000000",
      "quoteQty": "274.70510000",
      "time": 1688907604843,
      "isBuyerMaker": true,
      "isBestMatch": true
   },
   {
      "id": 442217095,
      "price": "0.28780000",
      "qty": "4591.00000000",
      "quoteQty": "1321.28980000",
      "time": 1688907604843,
      "isBuyerMaker": true,
      "isBestMatch": true
   },
   {
      "id": 442217096,
      "price": "0.28780000",
      "qty": "774.90000000",
      "quoteQty": "223.01622000",
      "time": 1688907604843,
      "isBuyerMaker": true,
      "isBestMatch": true
   },
   {
      "id": 442217097,
      "price": "0.28780000",
      "qty": "378.10000000",
      "quoteQty": "108.81718000",
      "time": 1688907604843,
      "isBuyerMaker": true,
      "isBestMatch": true
   },
   {
      "id": 442217098,
      "price": "0.28770000",
      "qty": "956.10000000",
      "quoteQty": "275.06997000",
      "time": 1688907605020,
      "isBuyerMaker": true,
      "isBestMatch": true
   },
   {
      "id": 442217099,
      "price": "0.28770000",
      "qty": "440.10000000",
      "quoteQty": "126.61677000",
      "time": 1688907605020,
      "isBuyerMaker": true,
      "isBestMatch": true
   },
   {
      "id": 442217100,
      "price": "0.28770000",
      "qty": "1027.20000000",
      "quoteQty": "295.52544000",
      "time": 1688907605020,
      "isBuyerMaker": true,
      "isBestMatch": true
   },
   {
      "id": 442217101,
      "price": "0.28770000",
      "qty": "388.60000000",
      "quoteQty": "111.80022000",
      "time": 1688907605020,
      "isBuyerMaker": true,
      "isBestMatch": true
   },
   {
      "id": 442217102,
      "price": "0.28770000",
      "qty": "756.60000000",
      "quoteQty": "217.67382000",
      "time": 1688907605023,
      "isBuyerMaker": true,
      "isBestMatch": true
   },
   {
      "id": 442217103,
      "price": "0.28770000",
      "qty": "2055.40000000",
      "quoteQty": "591.33858000",
      "time": 1688907605023,
      "isBuyerMaker": true,
      "isBestMatch": true
   },
   {
      "id": 442217104,
      "price": "0.28770000",
      "qty": "2812.00000000",
      "quoteQty": "809.01240000",
      "time": 1688907605027,
      "isBuyerMaker": true,
      "isBestMatch": true
   },
   {
      "id": 442217105,
      "price": "0.28770000",
      "qty": "2812.00000000",
      "quoteQty": "809.01240000",
      "time": 1688907605071,
      "isBuyerMaker": true,
      "isBestMatch": true
   },
   {
      "id": 442217106,
      "price": "0.28770000",
      "qty": "2812.00000000",
      "quoteQty": "809.01240000",
      "time": 1688907605086,
      "isBuyerMaker": true,
      "isBestMatch": true
   },
   {
      "id": 442217107,
      "price": "0.28770000",
      "qty": "2812.00000000",
      "quoteQty": "809.01240000",
      "time": 1688907605097,
      "isBuyerMaker": true,
      "isBestMatch": true
   },
   {
      "id": 442217108,
      "price": "0.28770000",
      "qty": "769.60000000",
      "quoteQty": "221.41392000",
      "time": 1688907605107,
      "isBuyerMaker": true,
      "isBestMatch": true
   },
   {
      "id": 442217109,
      "price": "0.28770000",
      "qty": "1681.40000000",
      "quoteQty": "483.73878000",
      "time": 1688907605107,
      "isBuyerMaker": true,
      "isBestMatch": true
   },
   {
      "id": 442217110,
      "price": "0.28760000",
      "qty": "966.30000000",
      "quoteQty": "277.90788000",
      "time": 1688907607696,
      "isBuyerMaker": true,
      "isBestMatch": true
   },
   {
      "id": 442217111,
      "price": "0.28760000",
      "qty": "1452.20000000",
      "quoteQty": "417.65272000",
      "time": 1688907607696,
      "isBuyerMaker": true,
      "isBestMatch": true
   },
   {
      "id": 442217112,
      "price": "0.28760000",
      "qty": "1817.80000000",
      "quoteQty": "522.79928000",
      "time": 1688907607696,
      "isBuyerMaker": true,
      "isBestMatch": true
   },
   {
      "id": 442217113,
      "price": "0.28760000",
      "qty": "730.50000000",
      "quoteQty": "210.09180000",
      "time": 1688907607696,
      "isBuyerMaker": true,
      "isBestMatch": true
   },
   {
      "id": 442217114,
      "price": "0.28760000",
      "qty": "1386.30000000",
      "quoteQty": "398.69988000",
      "time": 1688907607696,
      "isBuyerMaker": true,
      "isBestMatch": true
   },
   {
      "id": 442217115,
      "price": "0.28770000",
      "qty": "1394.50000000",
      "quoteQty": "401.19765000",
      "time": 1688907611549,
      "isBuyerMaker": false,
      "isBestMatch": true
   },
   {
      "id": 442217116,
      "price": "0.28770000",
      "qty": "1.40000000",
      "quoteQty": "0.40278000",
      "time": 1688907611549,
      "isBuyerMaker": false,
      "isBestMatch": true
   },
   {
      "id": 442217117,
      "price": "0.28770000",
      "qty": "347.70000000",
      "quoteQty": "100.03329000",
      "time": 1688907611549,
      "isBuyerMaker": false,
      "isBestMatch": true
   },
   {
      "id": 442217118,
      "price": "0.28770000",
      "qty": "114.30000000",
      "quoteQty": "32.88411000",
      "time": 1688907611549,
      "isBuyerMaker": false,
      "isBestMatch": true
   },
   {
      "id": 442217119,
      "price": "0.28770000",
      "qty": "767.20000000",
      "quoteQty": "220.72344000",
      "time": 1688907611549,
      "isBuyerMaker": false,
      "isBestMatch": true
   },
   {
      "id": 442217120,
      "price": "0.28770000",
      "qty": "2812.00000000",
      "quoteQty": "809.01240000",
      "time": 1688907611549,
      "isBuyerMaker": false,
      "isBestMatch": true
   },
   {
      "id": 442217121,
      "price": "0.28770000",
      "qty": "3682.30000000",
      "quoteQty": "1059.39771000",
      "time": 1688907611549,
      "isBuyerMaker": false,
      "isBestMatch": true
   },
   {
      "id": 442217122,
      "price": "0.28770000",
      "qty": "1699.00000000",
      "quoteQty": "488.80230000",
      "time": 1688907611550,
      "isBuyerMaker": false,
      "isBestMatch": true
   },
   {
      "id": 442217123,
      "price": "0.28770000",
      "qty": "4932.50000000",
      "quoteQty": "1419.08025000",
      "time": 1688907611557,
      "isBuyerMaker": false,
      "isBestMatch": true
   },
   {
      "id": 442217124,
      "price": "0.28770000",
      "qty": "1962.00000000",
      "quoteQty": "564.46740000",
      "time": 1688907611557,
      "isBuyerMaker": false,
      "isBestMatch": true
   },
   {
      "id": 442217125,
      "price": "0.28770000",
      "qty": "1034.40000000",
      "quoteQty": "297.59688000",
      "time": 1688907611557,
      "isBuyerMaker": false,
      "isBestMatch": true
   },
   {
      "id": 442217126,
      "price": "0.28770000",
      "qty": "407.30000000",
      "quoteQty": "117.18021000",
      "time": 1688907611557,
      "isBuyerMaker": false,
      "isBestMatch": true
   },
   {
      "id": 442217127,
      "price": "0.28770000",
      "qty": "19.50000000",
      "quoteQty": "5.61015000",
      "time": 1688907611557,
      "isBuyerMaker": false,
      "isBestMatch": true
   },
   {
      "id": 442217128,
      "price": "0.28770000",
      "qty": "90.90000000",
      "quoteQty": "26.15193000",
      "time": 1688907611590,
      "isBuyerMaker": false,
      "isBestMatch": true
   },
   {
      "id": 442217129,
      "price": "0.28770000",
      "qty": "256.90000000",
      "quoteQty": "73.91013000",
      "time": 1688907611594,
      "isBuyerMaker": false,
      "isBestMatch": true
   },
   {
      "id": 442217130,
      "price": "0.28770000",
      "qty": "768.70000000",
      "quoteQty": "221.15499000",
      "time": 1688907611594,
      "isBuyerMaker": false,
      "isBestMatch": true
   },
   {
      "id": 442217131,
      "price": "0.28770000",
      "qty": "17.40000000",
      "quoteQty": "5.00598000",
      "time": 1688907611594,
      "isBuyerMaker": false,
      "isBestMatch": true
   },
   {
      "id": 442217132,
      "price": "0.28770000",
      "qty": "1379.00000000",
      "quoteQty": "396.73830000",
      "time": 1688907611599,
      "isBuyerMaker": false,
      "isBestMatch": true
   },
   {
      "id": 442217133,
      "price": "0.28770000",
      "qty": "1129.50000000",
      "quoteQty": "324.95715000",
      "time": 1688907612011,
      "isBuyerMaker": true,
      "isBestMatch": true
   },
   {
      "id": 442217134,
      "price": "0.28770000",
      "qty": "1321.50000000",
      "quoteQty": "380.19555000",
      "time": 1688907612011,
      "isBuyerMaker": true,
      "isBestMatch": true
   },
   {
      "id": 442217135,
      "price": "0.28780000",
      "qty": "629.80000000",
      "quoteQty": "181.25644000",
      "time": 1688907613280,
      "isBuyerMaker": false,
      "isBestMatch": true
   },
   {
      "id": 442217136,
      "price": "0.28770000",
      "qty": "40.20000000",
      "quoteQty": "11.56554000",
      "time": 1688907613812,
      "isBuyerMaker": true,
      "isBestMatch": true
   },
   {
      "id": 442217137,
      "price": "0.28780000",
      "qty": "36.40000000",
      "quoteQty": "10.47592000",
      "time": 1688907625787,
      "isBuyerMaker": false,
      "isBestMatch": true
   },
   {
      "id": 442217138,
      "price": "0.28770000",
      "qty": "3369.20000000",
      "quoteQty": "969.31884000",
      "time": 1688907628530,
      "isBuyerMaker": true,
      "isBestMatch": true
   },
   {
      "id": 442217139,
      "price": "0.28770000",
      "qty": "1129.50000000",
      "quoteQty": "324.95715000",
      "time": 1688907628530,
      "isBuyerMaker": true,
      "isBestMatch": true
   },
   {
      "id": 442217140,
      "price": "0.28770000",
      "qty": "93.80000000",
      "quoteQty": "26.98626000",
      "time": 1688907628530,
      "isBuyerMaker": true,
      "isBestMatch": true
   },
   {
      "id": 442217141,
      "price": "0.28770000",
      "qty": "999.90000000",
      "quoteQty": "287.67123000",
      "time": 1688907628530,
      "isBuyerMaker": true,
      "isBestMatch": true
   },
   {
      "id": 442217142,
      "price": "0.28780000",
      "qty": "289.10000000",
      "quoteQty": "83.20298000",
      "time": 1688907636825,
      "isBuyerMaker": false,
      "isBestMatch": true
   },
   {
      "id": 442217143,
      "price": "0.28770000",
      "qty": "45.10000000",
      "quoteQty": "12.97527000",
      "time": 1688907647932,
      "isBuyerMaker": true,
      "isBestMatch": true
   },
   {
      "id": 442217144,
      "price": "0.28780000",
      "qty": "1394.90000000",
      "quoteQty": "401.45222000",
      "time": 1688907650809,
      "isBuyerMaker": false,
      "isBestMatch": true
   },
   {
      "id": 442217145,
      "price": "0.28780000",
      "qty": "2812.00000000",
      "quoteQty": "809.29360000",
      "time": 1688907650809,
      "isBuyerMaker": false,
      "isBestMatch": true
   },
   {
      "id": 442217146,
      "price": "0.28780000",
      "qty": "2812.00000000",
      "quoteQty": "809.29360000",
      "time": 1688907650809,
      "isBuyerMaker": false,
      "isBestMatch": true
   },
   {
      "id": 442217147,
      "price": "0.28780000",
      "qty": "1902.70000000",
      "quoteQty": "547.59706000",
      "time": 1688907650809,
      "isBuyerMaker": false,
      "isBestMatch": true
   },
   {
      "id": 442217148,
      "price": "0.28780000",
      "qty": "59.30000000",
      "quoteQty": "17.06654000",
      "time": 1688907652656,
      "isBuyerMaker": false,
      "isBestMatch": true
   },
   {
      "id": 442217149,
      "price": "0.28780000",
      "qty": "739.70000000",
      "quoteQty": "212.88566000",
      "time": 1688907652656,
      "isBuyerMaker": false,
      "isBestMatch": true
   },
   {
      "id": 442217150,
      "price": "0.28780000",
      "qty": "944.40000000",
      "quoteQty": "271.79832000",
      "time": 1688907652656,
      "isBuyerMaker": false,
      "isBestMatch": true
   },
   {
      "id": 442217151,
      "price": "0.28780000",
      "qty": "1764.40000000",
      "quoteQty": "507.79432000",
      "time": 1688907652656,
      "isBuyerMaker": false,
      "isBestMatch": true
   },
   {
      "id": 442217152,
      "price": "0.28780000",
      "qty": "2173.00000000",
      "quoteQty": "625.38940000",
      "time": 1688907652656,
      "isBuyerMaker": false,
      "isBestMatch": true
   },
   {
      "id": 442217153,
      "price": "0.28780000",
      "qty": "5872.60000000",
      "quoteQty": "1690.13428000",
      "time": 1688907652656,
      "isBuyerMaker": false,
      "isBestMatch": true
   },
   {
      "id": 442217154,
      "price": "0.28780000",
      "qty": "793.00000000",
      "quoteQty": "228.22540000",
      "time": 1688907652656,
      "isBuyerMaker": false,
      "isBestMatch": true
   },
   {
      "id": 442217155,
      "price": "0.28780000",
      "qty": "800.00000000",
      "quoteQty": "230.24000000",
      "time": 1688907652656,
      "isBuyerMaker": false,
      "isBestMatch": true
   },
   {
      "id": 442217156,
      "price": "0.28780000",
      "qty": "800.00000000",
      "quoteQty": "230.24000000",
      "time": 1688907652656,
      "isBuyerMaker": false,
      "isBestMatch": true
   },
   {
      "id": 442217157,
      "price": "0.28780000",
      "qty": "1042.20000000",
      "quoteQty": "299.94516000",
      "time": 1688907652656,
      "isBuyerMaker": false,
      "isBestMatch": true
   },
   {
      "id": 442217158,
      "price": "0.28780000",
      "qty": "1737.10000000",
      "quoteQty": "499.93738000",
      "time": 1688907652656,
      "isBuyerMaker": false,
      "isBestMatch": true
   },
   {
      "id": 442217159,
      "price": "0.28780000",
      "qty": "799.00000000",
      "quoteQty": "229.95220000",
      "time": 1688907652656,
      "isBuyerMaker": false,
      "isBestMatch": true
   },
   {
      "id": 442217160,
      "price": "0.28780000",
      "qty": "3600.80000000",
      "quoteQty": "1036.31024000",
      "time": 1688907652656,
      "isBuyerMaker": false,
      "isBestMatch": true
   },
   {
      "id": 442217161,
      "price": "0.28780000",
      "qty": "4523.90000000",
      "quoteQty": "1301.97842000",
      "time": 1688907652656,
      "isBuyerMaker": false,
      "isBestMatch": true
   },
   {
      "id": 442217162,
      "price": "0.28780000",
      "qty": "1963.10000000",
      "quoteQty": "564.98018000",
      "time": 1688907652656,
      "isBuyerMaker": false,
      "isBestMatch": true
   },
   {
      "id": 442217163,
      "price": "0.28780000",
      "qty": "999.90000000",
      "quoteQty": "287.77122000",
      "time": 1688907653071,
      "isBuyerMaker": false,
      "isBestMatch": true
   },
   {
      "id": 442217164,
      "price": "0.28780000",
      "qty": "233.00000000",
      "quoteQty": "67.05740000",
      "time": 1688907653071,
      "isBuyerMaker": false,
      "isBestMatch": true
   },
   {
      "id": 442217165,
      "price": "0.28780000",
      "qty": "34.90000000",
      "quoteQty": "10.04422000",
      "time": 1688907655436,
      "isBuyerMaker": false,
      "isBestMatch": true
   },
   {
      "id": 442217166,
      "price": "0.28770000",
      "qty": "250.00000000",
      "quoteQty": "71.92500000",
      "time": 1688907656464,
      "isBuyerMaker": true,
      "isBestMatch": true
   },
   {
      "id": 442217167,
      "price": "0.28780000",
      "qty": "453.90000000",
      "quoteQty": "130.63242000",
      "time": 1688907662747,
      "isBuyerMaker": false,
      "isBestMatch": true
   },
   {
      "id": 442217168,
      "price": "0.28770000",
      "qty": "793.10000000",
      "quoteQty": "228.17487000",
      "time": 1688907667529,
      "isBuyerMaker": true,
      "isBestMatch": true
   },
   {
      "id": 442217169,
      "price": "0.28770000",
      "qty": "1043.10000000",
      "quoteQty": "300.09987000",
      "time": 1688907667529,
      "isBuyerMaker": true,
      "isBestMatch": true
   },
   {
      "id": 442217170,
      "price": "0.28770000",
      "qty": "86.00000000",
      "quoteQty": "24.74220000",
      "time": 1688907667529,
      "isBuyerMaker": true,
      "isBestMatch": true
   },
   {
      "id": 442217171,
      "price": "0.28770000",
      "qty": "3476.00000000",
      "quoteQty": "1000.04520000",
      "time": 1688907667529,
      "isBuyerMaker": true,
      "isBestMatch": true
   },
   {
      "id": 442217172,
      "price": "0.28770000",
      "qty": "3476.00000000",
      "quoteQty": "1000.04520000",
      "time": 1688907667529,
      "isBuyerMaker": true,
      "isBestMatch": true
   },
   {
      "id": 442217173,
      "price": "0.28770000",
      "qty": "1962.00000000",
      "quoteQty": "564.46740000",
      "time": 1688907667529,
      "isBuyerMaker": true,
      "isBestMatch": true
   },
   {
      "id": 442217174,
      "price": "0.28770000",
      "qty": "10313.80000000",
      "quoteQty": "2967.28026000",
      "time": 1688907667529,
      "isBuyerMaker": true,
      "isBestMatch": true
   },
   {
      "id": 442217175,
      "price": "0.28770000",
      "qty": "680.70000000",
      "quoteQty": "195.83739000",
      "time": 1688907667529,
      "isBuyerMaker": true,
      "isBestMatch": true
   },
   {
      "id": 442217176,
      "price": "0.28770000",
      "qty": "3954.90000000",
      "quoteQty": "1137.82473000",
      "time": 1688907667529,
      "isBuyerMaker": true,
      "isBestMatch": true
   },
   {
      "id": 442217177,
      "price": "0.28770000",
      "qty": "5523.60000000",
      "quoteQty": "1589.13972000",
      "time": 1688907667529,
      "isBuyerMaker": true,
      "isBestMatch": true
   },
   {
      "id": 442217178,
      "price": "0.28770000",
      "qty": "1028.50000000",
      "quoteQty": "295.89945000",
      "time": 1688907667529,
      "isBuyerMaker": true,
      "isBestMatch": true
   },
   {
      "id": 442217179,
      "price": "0.28770000",
      "qty": "5087.30000000",
      "quoteQty": "1463.61621000",
      "time": 1688907667529,
      "isBuyerMaker": true,
      "isBestMatch": true
   },
   {
      "id": 442217180,
      "price": "0.28770000",
      "qty": "347.80000000",
      "quoteQty": "100.06206000",
      "time": 1688907667529,
      "isBuyerMaker": true,
      "isBestMatch": true
   },
   {
      "id": 442217181,
      "price": "0.28770000",
      "qty": "1042.50000000",
      "quoteQty": "299.92725000",
      "time": 1688907667529,
      "isBuyerMaker": true,
      "isBestMatch": true
   },
   {
      "id": 442217182,
      "price": "0.28770000",
      "qty": "9381.90000000",
      "quoteQty": "2699.17263000",
      "time": 1688907667529,
      "isBuyerMaker": true,
      "isBestMatch": true
   },
   {
      "id": 442217183,
      "price": "0.28770000",
      "qty": "3568.50000000",
      "quoteQty": "1026.65745000",
      "time": 1688907667529,
      "isBuyerMaker": true,
      "isBestMatch": true
   },
   {
      "id": 442217184,
      "price": "0.28770000",
      "qty": "1737.70000000",
      "quoteQty": "499.93629000",
      "time": 1688907667529,
      "isBuyerMaker": true,
      "isBestMatch": true
   },
   {
      "id": 442217185,
      "price": "0.28770000",
      "qty": "1864.10000000",
      "quoteQty": "536.30157000",
      "time": 1688907667529,
      "isBuyerMaker": true,
      "isBestMatch": true
   },
   {
      "id": 442217186,
      "price": "0.28770000",
      "qty": "76.10000000",
      "quoteQty": "21.89397000",
      "time": 1688907667529,
      "isBuyerMaker": true,
      "isBestMatch": true
   },
   {
      "id": 442217187,
      "price": "0.28760000",
      "qty": "173.90000000",
      "quoteQty": "50.01364000",
      "time": 1688907667529,
      "isBuyerMaker": true,
      "isBestMatch": true
   },
   {
      "id": 442217188,
      "price": "0.28760000",
      "qty": "347.70000000",
      "quoteQty": "99.99852000",
      "time": 1688907667529,
      "isBuyerMaker": true,
      "isBestMatch": true
   },
   {
      "id": 442217189,
      "price": "0.28760000",
      "qty": "5523.60000000",
      "quoteQty": "1588.58736000",
      "time": 1688907667529,
      "isBuyerMaker": true,
      "isBestMatch": true
   },
   {
      "id": 442217190,
      "price": "0.28760000",
      "qty": "16407.60000000",
      "quoteQty": "4718.82576000",
      "time": 1688907667529,
      "isBuyerMaker": true,
      "isBestMatch": true
   },
   {
      "id": 442217191,
      "price": "0.28760000",
      "qty": "45.10000000",
      "quoteQty": "12.97076000",
      "time": 1688907667529,
      "isBuyerMaker": true,
      "isBestMatch": true
   },
   {
      "id": 442217192,
      "price": "0.28760000",
      "qty": "3647.80000000",
      "quoteQty": "1049.10728000",
      "time": 1688907667529,
      "isBuyerMaker": true,
      "isBestMatch": true
   },
   {
      "id": 442217193,
      "price": "0.28760000",
      "qty": "10313.80000000",
      "quoteQty": "2966.24888000",
      "time": 1688907667529,
      "isBuyerMaker": true,
      "isBestMatch": true
   },
   {
      "id": 442217194,
      "price": "0.28760000",
      "qty": "1055.60000000",
      "quoteQty": "303.59056000",
      "time": 1688907667529,
      "isBuyerMaker": true,
      "isBestMatch": true
   },
   {
      "id": 442217195,
      "price": "0.28760000",
      "qty": "5301.20000000",
      "quoteQty": "1524.62512000",
      "time": 1688907667529,
      "isBuyerMaker": true,
      "isBestMatch": true
   },
   {
      "id": 442217196,
      "price": "0.28760000",
      "qty": "1737.90000000",
      "quoteQty": "499.82004000",
      "time": 1688907667529,
      "isBuyerMaker": true,
      "isBestMatch": true
   },
   {
      "id": 442217197,
      "price": "0.28760000",
      "qty": "3026.20000000",
      "quoteQty": "870.33512000",
      "time": 1688907667529,
      "isBuyerMaker": true,
      "isBestMatch": true
   },
   {
      "id": 442217198,
      "price": "0.28760000",
      "qty": "5214.60000000",
      "quoteQty": "1499.71896000",
      "time": 1688907667529,
      "isBuyerMaker": true,
      "isBestMatch": true
   },
   {
      "id": 442217199,
      "price": "0.28760000",
      "qty": "29884.60000000",
      "quoteQty": "8594.81096000",
      "time": 1688907667529,
      "isBuyerMaker": true,
      "isBestMatch": true
   },
   {
      "id": 442217200,
      "price": "0.28760000",
      "qty": "3913.80000000",
      "quoteQty": "1125.60888000",
      "time": 1688907667529,
      "isBuyerMaker": true,
      "isBestMatch": true
   },
   {
      "id": 442217201,
      "price": "0.28760000",
      "qty": "1715.00000000",
      "quoteQty": "493.23400000",
      "time": 1688907667529,
      "isBuyerMaker": true,
      "isBestMatch": true
   },
   {
      "id": 442217202,
      "price": "0.28760000",
      "qty": "1492.10000000",
      "quoteQty": "429.12796000",
      "time": 1688907667529,
      "isBuyerMaker": true,
      "isBestMatch": true
   },
   {
      "id": 442217203,
      "price": "0.28750000",
      "qty": "7885.30000000",
      "quoteQty": "2267.02375000",
      "time": 1688907667529,
      "isBuyerMaker": true,
      "isBestMatch": true
   },
   {
      "id": 442217204,
      "price": "0.28750000",
      "qty": "3784.10000000",
      "quoteQty": "1087.92875000",
      "time": 1688907667529,
      "isBuyerMaker": true,
      "isBestMatch": true
   },
   {
      "id": 442217205,
      "price": "0.28750000",
      "qty": "5140.70000000",
      "quoteQty": "1477.95125000",
      "time": 1688907667529,
      "isBuyerMaker": true,
      "isBestMatch": true
   },
   {
      "id": 442217206,
      "price": "0.28750000",
      "qty": "1425.90000000",
      "quoteQty": "409.94625000",
      "time": 1688907667529,
      "isBuyerMaker": true,
      "isBestMatch": true
   },
   {
      "id": 442217207,
      "price": "0.28750000",
      "qty": "5523.60000000",
      "quoteQty": "1588.03500000",
      "time": 1688907667529,
      "isBuyerMaker": true,
      "isBestMatch": true
   },
   {
      "id": 442217208,
      "price": "0.28750000",
      "qty": "12471.30000000",
      "quoteQty": "3585.49875000",
      "time": 1688907667529,
      "isBuyerMaker": true,
      "isBestMatch": true
   },
   {
      "id": 442217209,
      "price": "0.28750000",
      "qty": "4097.10000000",
      "quoteQty": "1177.91625000",
      "time": 1688907667529,
      "isBuyerMaker": true,
      "isBestMatch": true
   },
   {
      "id": 442217210,
      "price": "0.28750000",
      "qty": "620.90000000",
      "quoteQty": "178.50875000",
      "time": 1688907667529,
      "isBuyerMaker": true,
      "isBestMatch": true
   },
   {
      "id": 442217211,
      "price": "0.28750000",
      "qty": "10313.80000000",
      "quoteQty": "2965.21750000",
      "time": 1688907667529,
      "isBuyerMaker": true,
      "isBestMatch": true
   },
   {
      "id": 442217212,
      "price": "0.28750000",
      "qty": "1021.40000000",
      "quoteQty": "293.65250000",
      "time": 1688907667529,
      "isBuyerMaker": true,
      "isBestMatch": true
   },
   {
      "id": 442217213,
      "price": "0.28750000",
      "qty": "50.00000000",
      "quoteQty": "14.37500000",
      "time": 1688907667529,
      "isBuyerMaker": true,
      "isBestMatch": true
   },
   {
      "id": 442217214,
      "price": "0.28750000",
      "qty": "150.00000000",
      "quoteQty": "43.12500000",
      "time": 1688907667529,
      "isBuyerMaker": true,
      "isBestMatch": true
   },
   {
      "id": 442217215,
      "price": "0.28750000",
      "qty": "13036.60000000",
      "quoteQty": "3748.02250000",
      "time": 1688907667529,
      "isBuyerMaker": true,
      "isBestMatch": true
   },
   {
      "id": 442217216,
      "price": "0.28750000",
      "qty": "6952.70000000",
      "quoteQty": "1998.90125000",
      "time": 1688907667529,
      "isBuyerMaker": true,
      "isBestMatch": true
   },
   {
      "id": 442217217,
      "price": "0.28750000",
      "qty": "115.90000000",
      "quoteQty": "33.32125000",
      "time": 1688907667529,
      "isBuyerMaker": true,
      "isBestMatch": true
   },
   {
      "id": 442217218,
      "price": "0.28750000",
      "qty": "380.70000000",
      "quoteQty": "109.45125000",
      "time": 1688907667529,
      "isBuyerMaker": true,
      "isBestMatch": true
   },
   {
      "id": 442217219,
      "price": "0.28750000",
      "qty": "3379.10000000",
      "quoteQty": "971.49125000",
      "time": 1688907667529,
      "isBuyerMaker": true,
      "isBestMatch": true
   },
   {
      "id": 442217220,
      "price": "0.28750000",
      "qty": "355.10000000",
      "quoteQty": "102.09125000",
      "time": 1688907667529,
      "isBuyerMaker": true,
      "isBestMatch": true
   },
   {
      "id": 442217221,
      "price": "0.28750000",
      "qty": "38748.70000000",
      "quoteQty": "11140.25125000",
      "time": 1688907667529,
      "isBuyerMaker": true,
      "isBestMatch": true
   },
   {
      "id": 442217222,
      "price": "0.28750000",
      "qty": "277.50000000",
      "quoteQty": "79.78125000",
      "time": 1688907667529,
      "isBuyerMaker": true,
      "isBestMatch": true
   },
   {
      "id": 442217223,
      "price": "0.28750000",
      "qty": "273.30000000",
      "quoteQty": "78.57375000",
      "time": 1688907667529,
      "isBuyerMaker": true,
      "isBestMatch": true
   },
   {
      "id": 442217224,
      "price": "0.28750000",
      "qty": "1775.00000000",
      "quoteQty": "510.31250000",
      "time": 1688907667529,
      "isBuyerMaker": true,
      "isBestMatch": true
   },
   {
      "id": 442217225,
      "price": "0.28750000",
      "qty": "100.00000000",
      "quoteQty": "28.75000000",
      "time": 1688907667529,
      "isBuyerMaker": true,
      "isBestMatch": true
   },
   {
      "id": 442217226,
      "price": "0.28750000",
      "qty": "17382.20000000",
      "quoteQty": "4997.38250000",
      "time": 1688907667529,
      "isBuyerMaker": true,
      "isBestMatch": true
   },
   {
      "id": 442217227,
      "price": "0.28750000",
      "qty": "3626.70000000",
      "quoteQty": "1042.67625000",
      "time": 1688907667529,
      "isBuyerMaker": true,
      "isBestMatch": true
   },
   {
      "id": 442217228,
      "price": "0.28750000",
      "qty": "5490.00000000",
      "quoteQty": "1578.37500000",
      "time": 1688907667529,
      "isBuyerMaker": true,
      "isBestMatch": true
   },
   {
      "id": 442217229,
      "price": "0.28750000",
      "qty": "25013.00000000",
      "quoteQty": "7191.23750000",
      "time": 1688907667529,
      "isBuyerMaker": true,
      "isBestMatch": true
   },
   {
      "id": 442217230,
      "price": "0.28750000",
      "qty": "4719.60000000",
      "quoteQty": "1356.88500000",
      "time": 1688907667529,
      "isBuyerMaker": true,
      "isBestMatch": true
   },
   {
      "id": 442217231,
      "price": "0.28740000",
      "qty": "511.40000000",
      "quoteQty": "146.97636000",
      "time": 1688907667529,
      "isBuyerMaker": true,
      "isBestMatch": true
   },
   {
      "id": 442217232,
      "price": "0.28740000",
      "qty": "20.00000000",
      "quoteQty": "5.74800000",
      "time": 1688907667529,
      "isBuyerMaker": true,
      "isBestMatch": true
   },
   {
      "id": 442217233,
      "price": "0.28740000",
      "qty": "81.40000000",
      "quoteQty": "23.39436000",
      "time": 1688907667529,
      "isBuyerMaker": true,
      "isBestMatch": true
   },
   {
      "id": 442217234,
      "price": "0.28740000",
      "qty": "138.80000000",
      "quoteQty": "39.89112000",
      "time": 1688907667529,
      "isBuyerMaker": true,
      "isBestMatch": true
   },
   {
      "id": 442217235,
      "price": "0.28740000",
      "qty": "20414.70000000",
      "quoteQty": "5867.18478000",
      "time": 1688907667529,
      "isBuyerMaker": true,
      "isBestMatch": true
   },
   {
      "id": 442217236,
      "price": "0.28740000",
      "qty": "1677.10000000",
      "quoteQty": "481.99854000",
      "time": 1688907667529,
      "isBuyerMaker": true,
      "isBestMatch": true
   },
   {
      "id": 442217237,
      "price": "0.28740000",
      "qty": "1196.90000000",
      "quoteQty": "343.98906000",
      "time": 1688907667529,
      "isBuyerMaker": true,
      "isBestMatch": true
   },
   {
      "id": 442217238,
      "price": "0.28740000",
      "qty": "6553.80000000",
      "quoteQty": "1883.56212000",
      "time": 1688907667529,
      "isBuyerMaker": true,
      "isBestMatch": true
   },
   {
      "id": 442217239,
      "price": "0.28740000",
      "qty": "157.00000000",
      "quoteQty": "45.12180000",
      "time": 1688907667529,
      "isBuyerMaker": true,
      "isBestMatch": true
   },
   {
      "id": 442217240,
      "price": "0.28740000",
      "qty": "1100.00000000",
      "quoteQty": "316.14000000",
      "time": 1688907667529,
      "isBuyerMaker": true,
      "isBestMatch": true
   },
   {
      "id": 442217241,
      "price": "0.28740000",
      "qty": "84.10000000",
      "quoteQty": "24.17034000",
      "time": 1688907667529,
      "isBuyerMaker": true,
      "isBestMatch": true
   },
   {
      "id": 442217242,
      "price": "0.28740000",
      "qty": "10313.80000000",
      "quoteQty": "2964.18612000",
      "time": 1688907667529,
      "isBuyerMaker": true,
      "isBestMatch": true
   },
   {
      "id": 442217243,
      "price": "0.28740000",
      "qty": "3222.70000000",
      "quoteQty": "926.20398000",
      "time": 1688907667529,
      "isBuyerMaker": true,
      "isBestMatch": true
   },
   {
      "id": 442217244,
      "price": "0.28740000",
