[
   {
      "a": 313153299,
      "p": "0.53530000",
      "q": "576.30000000",
      "f": 467228830,
      "l": 467228832,
      "T": 1705350684628,
      "m": true,
      "M": true
   },
   {
      "a": 313153300,
      "p": "0.53520000",
      "q": "347.70000000",
      "f": 467228833,
      "l": 467228833,
      "T": 1705350686031,
      "m": true,
      "M": true
   },
   {
      "a": 313153301,
      "p": "0.53510000",
      "q": "366.00000000",
      "f": 467228834,
      "l": 467228836,
      "T": 1705350690465,
      "m": true,
      "M": true
   },
   {
      "a": 313153302,
      "p": "0.53510000",
      "q": "9.50000000",
      "f": 467228837,
      "l": 467228837,
      "T": 1705350691887,
      "m": false,
      "M": true
   },
   {
      "a": 313153303,
      "p": "0.53500000",
      "q": "748.50000000",
      "f": 467228838,
      "l": 467228839,
      "T": 1705350692033,
      "m": true,
      "M": true
   },
   {
      "a": 313153304,
      "p": "0.53500000",
      "q": "651.40000000",
      "f": 467228840,
      "l": 467228840,
      "T": 1705350692033,
      "m": true,
      "M": true
   },
   {
      "a": 313153305,
      "p": "0.53500000",
      "q": "18.50000000",
      "f": 467228841,
      "l": 467228841,
      "T": 1705350692033,
      "m": true,
      "M": true
   },
   {
      "a": 313153306,
      "p": "0.53500000",
      "q": "2514.70000000",
      "f": 467228842,
      "l": 467228852,
      "T": 1705350692067,
      "m": true,
      "M": true
   },
   {
      "a": 313153307,
      "p": "0.53500000",
      "q": "776.80000000",
      "f": 467228853,
      "l": 467228853,
      "T": 1705350692071,
      "m": true,
      "M": true
   },
   {
      "a": 313153308,
      "p": "0.53500000",
      "q": "0.10000000",
      "f": 467228854,
      "l": 467228854,
      "T": 1705350692072,
      "m": true,
      "M": true
   },
   {
      "a": 313153309,
      "p": "0.53500000",
      "q": "15.30000000",
      "f": 467228855,
      "l": 467228855,
      "T": 1705350692889,
      "m": false,
      "M": true
   },
   {
      "a": 313153310,
      "p": "0.53490000",
      "q": "235.40000000",
      "f": 467228856,
      "l": 467228858,
      "T": 1705350694255,
      "m": true,
      "M": true
   },
   {
      "a": 313153311,
      "p": "0.53490000",
      "q": "32.10000000",
      "f": 467228859,
      "l": 467228859,
      "T": 1705350695891,
      "m": false,
      "M": true
   },
   {
      "a": 313153312,
      "p": "0.53480000",
      "q": "65.70000000",
      "f": 467228860,
      "l": 467228861,
      "T": 1705350701509,
      "m": true,
      "M": true
   },
   {
      "a": 313153313,
      "p": "0.53470000",
      "q": "244.50000000",
      "f": 467228862,
      "l": 467228867,
      "T": 1705350701713,
      "m": true,
      "M": true
   },
   {
      "a": 313153314,
      "p": "0.53470000",
      "q": "294.00000000",
      "f": 467228868,
      "l": 467228868,
      "T": 1705350701713,
      "m": false,
      "M": true
   },
   {
      "a": 313153315,
      "p": "0.53470000",
      "q": "96.00000000",
      "f": 467228869,
      "l": 467228869,
      "T": 1705350701925,
      "m": false,
      "M": true
   },
   {
      "a": 313153316,
      "p": "0.53460000",
      "q": "2371.30000000",
      "f": 467228870,
      "l": 467228876,
      "T": 1705350702487,
      "m": true,
      "M": true
   },
   {
      "a": 313153317,
      "p": "0.53460000",
      "q": "23.30000000",
      "f": 467228877,
      "l": 467228877,
      "T": 1705350702528,
      "m": false,
      "M": true
   },
   {
      "a": 313153318,
      "p": "0.53450000",
      "q": "19.30000000",
      "f": 467228878,
      "l": 467228879,
      "T": 1705350702703,
      "m": true,
      "M": true
   },
   {
      "a": 313153319,
      "p": "0.53440000",
      "q": "23.40000000",
      "f": 467228880,
      "l": 467228880,
      "T": 1705350702793,
      "m": true,
      "M": true
   },
   {
      "a": 313153320,
      "p": "0.53430000",
      "q": "2450.90000000",
      "f": 467228881,
      "l": 467228888,
      "T": 1705350702793,
      "m": true,
      "M": true
   },
   {
      "a": 313153321,
      "p": "0.53440000",
      "q": "139.60000000",
      "f": 467228889,
      "l": 467228889,
      "T": 1705350702899,
      "m": false,
      "M": true
   },
   {
      "a": 313153322,
      "p": "0.53440000",
      "q": "280.90000000",
      "f": 467228890,
      "l": 467228890,
      "T": 1705350703900,
      "m": false,
      "M": true
   },
   {
      "a": 313153323,
      "p": "0.53430000",
      "q": "58.70000000",
      "f": 467228891,
      "l": 467228891,
      "T": 1705350705904,
      "m": false,
      "M": true
   },
   {
      "a": 313153324,
      "p": "0.53430000",
      "q": "1247.40000000",
      "f": 467228892,
      "l": 467228896,
      "T": 1705350706308,
      "m": false,
      "M": true
   },
   {
      "a": 313153325,
      "p": "0.53440000",
      "q": "561.30000000",
      "f": 467228897,
      "l": 467228900,
      "T": 1705350707883,
      "m": false,
      "M": true
   },
   {
      "a": 313153326,
      "p": "0.53430000",
      "q": "31.20000000",
      "f": 467228901,
      "l": 467228901,
      "T": 1705350709512,
      "m": false,
      "M": true
   },
   {
      "a": 313153327,
      "p": "0.53430000",
      "q": "186.90000000",
      "f": 467228902,
      "l": 467228902,
      "T": 1705350710230,
      "m": false,
      "M": true
   },
   {
      "a": 313153328,
      "p": "0.53430000",
      "q": "128.70000000",
      "f": 467228903,
      "l": 467228903,
      "T": 1705350711274,
      "m": false,
      "M": true
   },
   {
      "a": 313153329,
      "p": "0.53420000",
      "q": "175.90000000",
      "f": 467228904,
      "l": 467228909,
      "T": 1705350712116,
      "m": true,
      "M": true
   },
   {
      "a": 313153330,
      "p": "0.53410000",
      "q": "16.20000000",
      "f": 467228910,
      "l": 467228911,
      "T": 1705350712238,
      "m": true,
      "M": true
   },
   {
      "a": 313153331,
      "p": "0.53410000",
      "q": "51.30000000",
      "f": 467228912,
      "l": 467228912,
      "T": 1705350712407,
      "m": true,
      "M": true
   },
   {
      "a": 313153332,
      "p": "0.53410000",
      "q": "63.60000000",
      "f": 467228913,
      "l": 467228914,
      "T": 1705350712810,
      "m": true,
      "M": true
   },
   {
      "a": 313153333,
      "p": "0.53410000",
      "q": "35.00000000",
      "f": 467228915,
      "l": 467228915,
      "T": 1705350712934,
      "m": true,
      "M": true
   },
   {
      "a": 313153334,
      "p": "0.53410000",
      "q": "228.10000000",
      "f": 467228916,
      "l": 467228917,
      "T": 1705350713083,
      "m": true,
      "M": true
   },
   {
      "a": 313153335,
      "p": "0.53410000",
      "q": "95.70000000",
      "f": 467228918,
      "l": 467228920,
      "T": 1705350713256,
      "m": true,
      "M": true
   },
   {
      "a": 313153336,
      "p": "0.53410000",
      "q": "26.50000000",
      "f": 467228921,
      "l": 467228922,
      "T": 1705350713836,
      "m": true,
      "M": true
   },
   {
      "a": 313153337,
      "p": "0.53420000",
      "q": "61.40000000",
      "f": 467228923,
      "l": 467228923,
      "T": 1705350713907,
      "m": false,
      "M": true
   },
   {
      "a": 313153338,
      "p": "0.53410000",
      "q": "197.80000000",
      "f": 467228924,
      "l": 467228924,
      "T": 1705350714228,
      "m": true,
      "M": true
   },
   {
      "a": 313153339,
      "p": "0.53410000",
      "q": "228.70000000",
      "f": 467228925,
      "l": 467228925,
      "T": 1705350714352,
      "m": true,
      "M": true
   },
   {
      "a": 313153340,
      "p": "0.53410000",
      "q": "434.80000000",
      "f": 467228926,
      "l": 467228928,
      "T": 1705350714597,
      "m": true,
      "M": true
   },
   {
      "a": 313153341,
      "p": "0.53410000",
      "q": "274.00000000",
      "f": 467228929,
      "l": 467228929,
      "T": 1705350714663,
      "m": true,
      "M": true
   },
   {
      "a": 313153342,
      "p": "0.53410000",
      "q": "77.40000000",
      "f": 467228930,
      "l": 467228930,
      "T": 1705350715282,
      "m": true,
      "M": true
   },
   {
      "a": 313153343,
      "p": "0.53410000",
      "q": "180.30000000",
      "f": 467228931,
      "l": 467228931,
      "T": 1705350715298,
      "m": true,
      "M": true
   },
   {
      "a": 313153344,
      "p": "0.53420000",
      "q": "41.30000000",
      "f": 467228932,
      "l": 467228932,
      "T": 1705350716195,
      "m": false,
      "M": true
   },
   {
      "a": 313153345,
      "p": "0.53420000",
      "q": "18.70000000",
      "f": 467228933,
      "l": 467228933,
      "T": 1705350721455,
      "m": false,
      "M": true
   },
   {
      "a": 313153346,
      "p": "0.53420000",
      "q": "63.00000000",
      "f": 467228934,
      "l": 467228934,
      "T": 1705350722717,
      "m": false,
      "M": true
   },
   {
      "a": 313153347,
      "p": "0.53410000",
      "q": "512.60000000",
      "f": 467228935,
      "l": 467228935,
      "T": 1705350722762,
      "m": true,
      "M": true
   },
   {
      "a": 313153348,
      "p": "0.53410000",
      "q": "76.30000000",
      "f": 467228936,
      "l": 467228936,
      "T": 1705350722821,
      "m": true,
      "M": true
   },
   {
      "a": 313153349,
      "p": "0.53410000",
      "q": "12.60000000",
      "f": 467228937,
      "l": 467228937,
      "T": 1705350722827,
      "m": true,
      "M": true
   },
   {
      "a": 313153350,
      "p": "0.53410000",
      "q": "65.60000000",
      "f": 467228938,
      "l": 467228938,
      "T": 1705350722923,
      "m": true,
      "M": true
   },
   {
      "a": 313153351,
      "p": "0.53410000",
      "q": "28.30000000",
      "f": 467228939,
      "l": 467228939,
      "T": 1705350723097,
      "m": true,
      "M": true
   },
   {
      "a": 313153352,
      "p": "0.53420000",
      "q": "110.30000000",
      "f": 467228940,
      "l": 467228940,
      "T": 1705350723836,
      "m": false,
      "M": true
   },
   {
      "a": 313153353,
      "p": "0.53410000",
      "q": "51.60000000",
      "f": 467228941,
      "l": 467228941,
      "T": 1705350724196,
      "m": true,
      "M": true
   },
   {
      "a": 313153354,
      "p": "0.53410000",
      "q": "65.90000000",
      "f": 467228942,
      "l": 467228942,
      "T": 1705350724520,
      "m": true,
      "M": true
   },
   {
      "a": 313153355,
      "p": "0.53410000",
      "q": "40.10000000",
      "f": 467228943,
      "l": 467228943,
      "T": 1705350724541,
      "m": true,
      "M": true
   },
   {
      "a": 313153356,
      "p": "0.53410000",
      "q": "40.40000000",
      "f": 467228944,
      "l": 467228944,
      "T": 1705350724613,
      "m": true,
      "M": true
   },
   {
      "a": 313153357,
      "p": "0.53410000",
      "q": "63.60000000",
      "f": 467228945,
      "l": 467228945,
      "T": 1705350724663,
      "m": true,
      "M": true
   },
   {
      "a": 313153358,
      "p": "0.53420000",
      "q": "126.50000000",
      "f": 467228946,
      "l": 467228947,
      "T": 1705350725344,
      "m": false,
      "M": true
   },
   {
      "a": 313153359,
      "p": "0.53410000",
      "q": "20.60000000",
      "f": 467228948,
      "l": 467228948,
      "T": 1705350725379,
      "m": true,
      "M": true
   },
   {
      "a": 313153360,
      "p": "0.53420000",
      "q": "1108.80000000",
      "f": 467228949,
      "l": 467228952,
      "T": 1705350725575,
      "m": false,
      "M": true
   },
   {
      "a": 313153361,
      "p": "0.53420000",
      "q": "596.60000000",
      "f": 467228953,
      "l": 467228954,
      "T": 1705350725598,
      "m": false,
      "M": true
   },
   {
      "a": 313153362,
      "p": "0.53420000",
      "q": "40.60000000",
      "f": 467228955,
      "l": 467228955,
      "T": 1705350725648,
      "m": true,
      "M": true
   },
   {
      "a": 313153363,
      "p": "0.53420000",
      "q": "41.60000000",
      "f": 467228956,
      "l": 467228956,
      "T": 1705350725875,
      "m": true,
      "M": true
   },
   {
      "a": 313153364,
      "p": "0.53420000",
      "q": "146.20000000",
      "f": 467228957,
      "l": 467228957,
      "T": 1705350725934,
      "m": true,
      "M": true
   },
   {
      "a": 313153365,
      "p": "0.53430000",
      "q": "260.20000000",
      "f": 467228958,
      "l": 467228959,
      "T": 1705350725961,
      "m": false,
      "M": true
   },
   {
      "a": 313153366,
      "p": "0.53430000",
      "q": "63.60000000",
      "f": 467228960,
      "l": 467228960,
      "T": 1705350725994,
      "m": true,
      "M": true
   },
   {
      "a": 313153367,
      "p": "0.53430000",
      "q": "56.00000000",
      "f": 467228961,
      "l": 467228961,
      "T": 1705350726025,
      "m": true,
      "M": true
   },
   {
      "a": 313153368,
      "p": "0.53430000",
      "q": "63.60000000",
      "f": 467228962,
      "l": 467228962,
      "T": 1705350727235,
      "m": true,
      "M": true
   },
   {
      "a": 313153369,
      "p": "0.53430000",
      "q": "42.20000000",
      "f": 467228963,
      "l": 467228963,
      "T": 1705350727242,
      "m": true,
      "M": true
   },
   {
      "a": 313153370,
      "p": "0.53430000",
      "q": "38.10000000",
      "f": 467228964,
      "l": 467228964,
      "T": 1705350727385,
      "m": true,
      "M": true
   },
   {
      "a": 313153371,
      "p": "0.53430000",
      "q": "20.50000000",
      "f": 467228965,
      "l": 467228965,
      "T": 1705350727392,
      "m": true,
      "M": true
   },
   {
      "a": 313153372,
      "p": "0.53430000",
      "q": "44.40000000",
      "f": 467228966,
      "l": 467228966,
      "T": 1705350727475,
      "m": true,
      "M": true
   },
   {
      "a": 313153373,
      "p": "0.53430000",
      "q": "23.10000000",
      "f": 467228967,
      "l": 467228967,
      "T": 1705350728588,
      "m": true,
      "M": true
   },
   {
      "a": 313153374,
      "p": "0.53430000",
      "q": "4031.50000000",
      "f": 467228968,
      "l": 467228970,
      "T": 1705350728652,
      "m": true,
      "M": true
   },
   {
      "a": 313153375,
      "p": "0.53430000",
      "q": "42.60000000",
      "f": 467228971,
      "l": 467228971,
      "T": 1705350728779,
      "m": true,
      "M": true
   },
   {
      "a": 313153376,
      "p": "0.53430000",
      "q": "72.00000000",
      "f": 467228972,
      "l": 467228972,
      "T": 1705350728892,
      "m": true,
      "M": true
   },
   {
      "a": 313153377,
      "p": "0.53430000",
      "q": "65.10000000",
      "f": 467228973,
      "l": 467228973,
      "T": 1705350729327,
      "m": true,
      "M": true
   },
   {
      "a": 313153378,
      "p": "0.53430000",
      "q": "206.00000000",
      "f": 467228974,
      "l": 467228974,
      "T": 1705350730379,
      "m": true,
      "M": true
   },
   {
      "a": 313153379,
      "p": "0.53430000",
      "q": "178.20000000",
      "f": 467228975,
      "l": 467228976,
      "T": 1705350730641,
      "m": true,
      "M": true
   },
   {
      "a": 313153380,
      "p": "0.53430000",
      "q": "96.00000000",
      "f": 467228977,
      "l": 467228978,
      "T": 1705350730668,
      "m": true,
      "M": true
   },
   {
      "a": 313153381,
      "p": "0.53430000",
      "q": "181.90000000",
      "f": 467228979,
      "l": 467228979,
      "T": 1705350730766,
      "m": true,
      "M": true
   },
   {
      "a": 313153382,
      "p": "0.53430000",
      "q": "183.80000000",
      "f": 467228980,
      "l": 467228980,
      "T": 1705350731304,
      "m": true,
      "M": true
   },
   {
      "a": 313153383,
      "p": "0.53430000",
      "q": "45.60000000",
      "f": 467228981,
      "l": 467228981,
      "T": 1705350731463,
      "m": true,
      "M": true
   },
   {
      "a": 313153384,
      "p": "0.53430000",
      "q": "351.50000000",
      "f": 467228982,
      "l": 467228982,
      "T": 1705350731750,
      "m": true,
      "M": true
   },
   {
      "a": 313153385,
      "p": "0.53430000",
      "q": "184.60000000",
      "f": 467228983,
      "l": 467228983,
      "T": 1705350732015,
      "m": true,
      "M": true
   },
   {
      "a": 313153386,
      "p": "0.53430000",
      "q": "222.50000000",
      "f": 467228984,
      "l": 467228984,
      "T": 1705350732266,
      "m": true,
      "M": true
   },
   {
      "a": 313153387,
      "p": "0.53430000",
      "q": "124.30000000",
      "f": 467228985,
      "l": 467228985,
      "T": 1705350732863,
      "m": true,
      "M": true
   },
   {
      "a": 313153388,
      "p": "0.53430000",
      "q": "50.90000000",
      "f": 467228986,
      "l": 467228986,
      "T": 1705350733312,
      "m": true,
      "M": true
   },
   {
      "a": 313153389,
      "p": "0.53430000",
      "q": "51.20000000",
      "f": 467228987,
      "l": 467228987,
      "T": 1705350733509,
      "m": true,
      "M": true
   },
   {
      "a": 313153390,
      "p": "0.53430000",
      "q": "79.70000000",
      "f": 467228988,
      "l": 467228988,
      "T": 1705350733663,
      "m": true,
      "M": true
   },
   {
      "a": 313153391,
      "p": "0.53430000",
      "q": "49.50000000",
      "f": 467228989,
      "l": 467228989,
      "T": 1705350733958,
      "m": true,
      "M": true
   },
   {
      "a": 313153392,
      "p": "0.53430000",
      "q": "900.00000000",
      "f": 467228990,
      "l": 467228990,
      "T": 1705350735264,
      "m": true,
      "M": true
   },
   {
      "a": 313153393,
      "p": "0.53430000",
      "q": "9.60000000",
      "f": 467228991,
      "l": 467228991,
      "T": 1705350737877,
      "m": true,
      "M": true
   },
   {
      "a": 313153394,
      "p": "0.53440000",
      "q": "108.10000000",
      "f": 467228992,
      "l": 467228992,
      "T": 1705350739239,
      "m": false,
      "M": true
   },
   {
      "a": 313153395,
      "p": "0.53440000",
      "q": "596.40000000",
      "f": 467228993,
      "l": 467228994,
      "T": 1705350739506,
      "m": false,
      "M": true
   },
   {
      "a": 313153396,
      "p": "0.53450000",
      "q": "1462.60000000",
      "f": 467228995,
      "l": 467228995,
      "T": 1705350739632,
      "m": false,
      "M": true
   },
   {
      "a": 313153397,
      "p": "0.53440000",
      "q": "31.10000000",
      "f": 467228996,
      "l": 467228996,
      "T": 1705350742830,
      "m": true,
      "M": true
   },
   {
      "a": 313153398,
      "p": "0.53440000",
      "q": "394.10000000",
      "f": 467228997,
      "l": 467228997,
      "T": 1705350742842,
      "m": true,
      "M": true
   },
   {
      "a": 313153399,
      "p": "0.53450000",
      "q": "728.70000000",
      "f": 467228998,
      "l": 467228998,
      "T": 1705350750108,
      "m": false,
      "M": true
   },
   {
      "a": 313153400,
      "p": "0.53450000",
      "q": "1478.00000000",
      "f": 467228999,
      "l": 467228999,
      "T": 1705350750114,
      "m": false,
      "M": true
   },
   {
      "a": 313153401,
      "p": "0.53450000",
      "q": "3254.80000000",
      "f": 467229000,
      "l": 467229000,
      "T": 1705350750114,
      "m": false,
      "M": true
   },
   {
      "a": 313153402,
      "p": "0.53450000",
      "q": "4752.30000000",
      "f": 467229001,
      "l": 467229004,
      "T": 1705350750117,
      "m": false,
      "M": true
   },
   {
      "a": 313153403,
      "p": "0.53460000",
      "q": "802.40000000",
      "f": 467229005,
      "l": 467229007,
      "T": 1705350750128,
      "m": false,
      "M": true
   },
   {
      "a": 313153404,
      "p": "0.53470000",
      "q": "1851.50000000",
      "f": 467229008,
      "l": 467229011,
      "T": 1705350750128,
      "m": false,
      "M": true
   },
   {
      "a": 313153405,
      "p": "0.53470000",
      "q": "18.70000000",
      "f": 467229012,
      "l": 467229012,
      "T": 1705350750133,
      "m": false,
      "M": true
   },
   {
      "a": 313153406,
      "p": "0.53470000",
      "q": "504.80000000",
      "f": 467229013,
      "l": 467229013,
      "T": 1705350750149,
      "m": false,
      "M": true
   },
   {
      "a": 313153407,
      "p": "0.53480000",
      "q": "15.70000000",
      "f": 467229014,
      "l": 467229014,
      "T": 1705350755569,
      "m": false,
      "M": true
   },
   {
      "a": 313153408,
      "p": "0.53470000",
      "q": "1532.00000000",
      "f": 467229015,
      "l": 467229016,
      "T": 1705350756031,
      "m": true,
      "M": true
   },
   {
      "a": 313153409,
      "p": "0.53470000",
      "q": "50.10000000",
      "f": 467229017,
      "l": 467229017,
      "T": 1705350756322,
      "m": false,
      "M": true
   },
   {
      "a": 313153410,
      "p": "0.53460000",
      "q": "8058.00000000",
      "f": 467229018,
      "l": 467229022,
      "T": 1705350758229,
      "m": true,
      "M": true
   },
   {
      "a": 313153411,
      "p": "0.53460000",
      "q": "14.50000000",
      "f": 467229023,
      "l": 467229023,
      "T": 1705350759545,
      "m": false,
      "M": true
   },
   {
      "a": 313153412,
      "p": "0.53460000",
      "q": "2139.00000000",
      "f": 467229024,
      "l": 467229026,
      "T": 1705350759964,
      "m": true,
      "M": true
   },
   {
      "a": 313153413,
      "p": "0.53450000",
      "q": "10988.10000000",
      "f": 467229027,
      "l": 467229033,
      "T": 1705350759964,
      "m": true,
      "M": true
   },
   {
      "a": 313153414,
      "p": "0.53440000",
      "q": "25665.30000000",
      "f": 467229034,
      "l": 467229046,
      "T": 1705350759964,
      "m": true,
      "M": true
   },
   {
      "a": 313153415,
      "p": "0.53450000",
      "q": "617.30000000",
      "f": 467229047,
      "l": 467229049,
      "T": 1705350760496,
      "m": false,
      "M": true
   },
   {
      "a": 313153416,
      "p": "0.53450000",
      "q": "3718.60000000",
      "f": 467229050,
      "l": 467229051,
      "T": 1705350764248,
      "m": true,
      "M": true
   },
   {
      "a": 313153417,
      "p": "0.53460000",
      "q": "479.80000000",
      "f": 467229052,
      "l": 467229053,
      "T": 1705350766744,
      "m": true,
      "M": true
   },
   {
      "a": 313153418,
      "p": "0.53470000",
      "q": "68.10000000",
      "f": 467229054,
      "l": 467229054,
      "T": 1705350766839,
      "m": false,
      "M": true
   },
   {
      "a": 313153419,
      "p": "0.53470000",
      "q": "12.90000000",
      "f": 467229055,
      "l": 467229055,
      "T": 1705350768813,
      "m": true,
      "M": true
   },
   {
      "a": 313153420,
      "p": "0.53470000",
      "q": "9.60000000",
      "f": 467229056,
      "l": 467229056,
      "T": 1705350770575,
      "m": true,
      "M": true
   },
   {
      "a": 313153421,
      "p": "0.53470000",
      "q": "320.90000000",
      "f": 467229057,
      "l": 467229057,
      "T": 1705350775558,
      "m": true,
      "M": true
   },
   {
      "a": 313153422,
      "p": "0.53480000",
      "q": "9.50000000",
      "f": 467229058,
      "l": 467229058,
      "T": 1705350775940,
      "m": false,
      "M": true
   },
   {
      "a": 313153423,
      "p": "0.53480000",
      "q": "9.30000000",
      "f": 467229059,
      "l": 467229059,
      "T": 1705350776064,
      "m": false,
      "M": true
   },
   {
      "a": 313153424,
      "p": "0.53470000",
      "q": "3740.40000000",
      "f": 467229060,
      "l": 467229062,
      "T": 1705350776573,
      "m": true,
      "M": true
   },
   {
      "a": 313153425,
      "p": "0.53470000",
      "q": "13.10000000",
      "f": 467229063,
      "l": 467229063,
      "T": 1705350778373,
      "m": true,
      "M": true
   },
   {
      "a": 313153426,
      "p": "0.53460000",
      "q": "552.80000000",
      "f": 467229064,
      "l": 467229064,
      "T": 1705350778373,
      "m": true,
      "M": true
   },
   {
      "a": 313153427,
      "p": "0.53460000",
      "q": "3061.70000000",
      "f": 467229065,
      "l": 467229066,
      "T": 1705350782485,
      "m": true,
      "M": true
   },
   {
      "a": 313153428,
      "p": "0.53450000",
      "q": "798.80000000",
      "f": 467229067,
      "l": 467229068,
      "T": 1705350786178,
      "m": false,
      "M": true
   },
   {
      "a": 313153429,
      "p": "0.53460000",
      "q": "37.20000000",
      "f": 467229069,
      "l": 467229069,
      "T": 1705350786478,
      "m": true,
      "M": true
   },
   {
      "a": 313153430,
      "p": "0.53460000",
      "q": "9.30000000",
      "f": 467229070,
      "l": 467229070,
      "T": 1705350790655,
      "m": true,
      "M": true
   },
   {
      "a": 313153431,
      "p": "0.53470000",
      "q": "3522.90000000",
      "f": 467229071,
      "l": 467229072,
      "T": 1705350792409,
      "m": false,
      "M": true
   },
   {
      "a": 313153432,
      "p": "0.53470000",
      "q": "288.90000000",
      "f": 467229073,
      "l": 467229073,
      "T": 1705350792502,
      "m": false,
      "M": true
   },
   {
      "a": 313153433,
      "p": "0.53470000",
      "q": "554.60000000",
      "f": 467229074,
      "l": 467229075,
      "T": 1705350793042,
      "m": false,
      "M": true
   },
   {
      "a": 313153434,
      "p": "0.53470000",
      "q": "9.60000000",
      "f": 467229076,
      "l": 467229076,
      "T": 1705350798413,
      "m": true,
      "M": true
   },
   {
      "a": 313153435,
      "p": "0.53470000",
      "q": "7208.00000000",
      "f": 467229077,
      "l": 467229082,
      "T": 1705350813858,
      "m": true,
      "M": true
   },
   {
      "a": 313153436,
      "p": "0.53470000",
      "q": "372.20000000",
      "f": 467229083,
      "l": 467229083,
      "T": 1705350813960,
      "m": true,
      "M": true
   },
   {
      "a": 313153437,
      "p": "0.53480000",
      "q": "40.60000000",
      "f": 467229084,
      "l": 467229084,
      "T": 1705350813975,
      "m": false,
      "M": true
   },
   {
      "a": 313153438,
      "p": "0.53470000",
      "q": "200.00000000",
      "f": 467229085,
      "l": 467229085,
      "T": 1705350814368,
      "m": true,
      "M": true
   },
   {
      "a": 313153439,
      "p": "0.53470000",
      "q": "648.70000000",
      "f": 467229086,
      "l": 467229086,
      "T": 1705350814459,
      "m": true,
      "M": true
   },
   {
      "a": 313153440,
      "p": "0.53470000",
      "q": "508.40000000",
      "f": 467229087,
      "l": 467229087,
      "T": 1705350814556,
      "m": true,
      "M": true
   },
   {
      "a": 313153441,
      "p": "0.53470000",
      "q": "818.20000000",
      "f": 467229088,
      "l": 467229088,
      "T": 1705350814559,
      "m": true,
      "M": true
   },
   {
      "a": 313153442,
      "p": "0.53470000",
      "q": "733.60000000",
      "f": 467229089,
      "l": 467229089,
      "T": 1705350822566,
      "m": true,
      "M": true
   },
   {
      "a": 313153443,
      "p": "0.53470000",
      "q": "6695.50000000",
      "f": 467229090,
      "l": 467229091,
      "T": 1705350822569,
      "m": true,
      "M": true
   },
   {
      "a": 313153444,
      "p": "0.53460000",
      "q": "660.20000000",
      "f": 467229092,
      "l": 467229094,
      "T": 1705350822570,
      "m": true,
      "M": true
   },
   {
      "a": 313153445,
      "p": "0.53460000",
      "q": "128.00000000",
      "f": 467229095,
      "l": 467229095,
      "T": 1705350824148,
      "m": false,
      "M": true
   },
   {
      "a": 313153446,
      "p": "0.53440000",
      "q": "185.70000000",
      "f": 467229096,
      "l": 467229096,
      "T": 1705350824610,
      "m": true,
      "M": true
   },
   {
      "a": 313153447,
      "p": "0.53450000",
      "q": "474.50000000",
      "f": 467229097,
      "l": 467229097,
      "T": 1705350825046,
      "m": false,
      "M": true
   },
   {
      "a": 313153448,
      "p": "0.53440000",
      "q": "9.60000000",
      "f": 467229098,
      "l": 467229098,
      "T": 1705350828067,
      "m": true,
      "M": true
   },
   {
      "a": 313153449,
      "p": "0.53450000",
      "q": "719.90000000",
      "f": 467229099,
      "l": 467229101,
      "T": 1705350829911,
      "m": false,
      "M": true
   },
   {
      "a": 313153450,
      "p": "0.53450000",
      "q": "975.50000000",
      "f": 467229102,
      "l": 467229104,
      "T": 1705350838386,
      "m": true,
      "M": true
   },
   {
      "a": 313153451,
      "p": "0.53440000",
      "q": "1542.10000000",
      "f": 467229105,
      "l": 467229107,
      "T": 1705350843262,
      "m": true,
      "M": true
   },
   {
      "a": 313153452,
      "p": "0.53440000",
      "q": "33.40000000",
      "f": 467229108,
      "l": 467229108,
      "T": 1705350843424,
      "m": false,
      "M": true
   },
   {
      "a": 313153453,
      "p": "0.53430000",
      "q": "1000.00000000",
      "f": 467229109,
      "l": 467229111,
      "T": 1705350845544,
      "m": true,
      "M": true
   },
   {
      "a": 313153454,
      "p": "0.53430000",
      "q": "299.00000000",
      "f": 467229112,
      "l": 467229112,
      "T": 1705350845549,
      "m": true,
      "M": true
   },
   {
      "a": 313153455,
      "p": "0.53420000",
      "q": "144.20000000",
      "f": 467229113,
      "l": 467229113,
      "T": 1705350850065,
      "m": false,
      "M": true
   },
   {
      "a": 313153456,
      "p": "0.53410000",
      "q": "180.30000000",
      "f": 467229114,
      "l": 467229116,
      "T": 1705350850414,
      "m": true,
      "M": true
   },
   {
      "a": 313153457,
      "p": "0.53410000",
      "q": "395.40000000",
      "f": 467229117,
      "l": 467229117,
      "T": 1705350850418,
      "m": true,
      "M": true
   },
   {
      "a": 313153458,
      "p": "0.53410000",
      "q": "123.40000000",
      "f": 467229118,
      "l": 467229118,
      "T": 1705350850583,
      "m": true,
      "M": true
   },
   {
      "a": 313153459,
      "p": "0.53410000",
      "q": "14.70000000",
      "f": 467229119,
      "l": 467229119,
      "T": 1705350851991,
      "m": false,
      "M": true
   },
   {
      "a": 313153460,
      "p": "0.53410000",
      "q": "93.50000000",
      "f": 467229120,
      "l": 467229120,
      "T": 1705350852551,
      "m": false,
      "M": true
   },
   {
      "a": 313153461,
      "p": "0.53400000",
      "q": "9.60000000",
      "f": 467229121,
      "l": 467229121,
      "T": 1705350856819,
      "m": true,
      "M": true
   },
   {
      "a": 313153462,
      "p": "0.53400000",
      "q": "2914.90000000",
      "f": 467229122,
      "l": 467229132,
      "T": 1705350856819,
      "m": true,
      "M": true
   },
   {
      "a": 313153463,
      "p": "0.53390000",
      "q": "982.20000000",
      "f": 467229133,
      "l": 467229136,
      "T": 1705350856819,
      "m": true,
      "M": true
   },
   {
      "a": 313153464,
      "p": "0.53390000",
      "q": "175.80000000",
      "f": 467229137,
      "l": 467229137,
      "T": 1705350857995,
      "m": false,
      "M": true
   },
   {
      "a": 313153465,
      "p": "0.53390000",
      "q": "95.10000000",
      "f": 467229138,
      "l": 467229138,
      "T": 1705350861776,
      "m": false,
      "M": true
   },
   {
      "a": 313153466,
      "p": "0.53390000",
      "q": "27.30000000",
      "f": 467229139,
      "l": 467229139,
      "T": 1705350864870,
      "m": false,
      "M": true
   },
   {
      "a": 313153467,
      "p": "0.53380000",
      "q": "124.50000000",
      "f": 467229140,
      "l": 467229146,
      "T": 1705350865926,
      "m": true,
      "M": true
   },
   {
      "a": 313153468,
      "p": "0.53370000",
      "q": "38.10000000",
      "f": 467229147,
      "l": 467229150,
      "T": 1705350866996,
      "m": true,
      "M": true
   },
   {
      "a": 313153469,
      "p": "0.53370000",
      "q": "449.80000000",
      "f": 467229151,
      "l": 467229153,
      "T": 1705350866996,
      "m": true,
      "M": true
   },
   {
      "a": 313153470,
      "p": "0.53380000",
      "q": "62.90000000",
      "f": 467229154,
      "l": 467229154,
      "T": 1705350866998,
      "m": false,
      "M": true
   },
   {
      "a": 313153471,
      "p": "0.53370000",
      "q": "205.90000000",
      "f": 467229155,
      "l": 467229156,
      "T": 1705350867194,
      "m": true,
      "M": true
   },
   {
      "a": 313153472,
      "p": "0.53370000",
      "q": "1493.00000000",
      "f": 467229157,
      "l": 467229159,
      "T": 1705350867216,
      "m": false,
      "M": true
   },
   {
      "a": 313153473,
      "p": "0.53370000",
      "q": "136.30000000",
      "f": 467229160,
      "l": 467229160,
      "T": 1705350869004,
      "m": false,
      "M": true
   },
   {
      "a": 313153474,
      "p": "0.53360000",
      "q": "538.00000000",
      "f": 467229161,
      "l": 467229170,
      "T": 1705350869313,
      "m": true,
      "M": true
   },
   {
      "a": 313153475,
      "p": "0.53360000",
      "q": "55.60000000",
      "f": 467229171,
      "l": 467229171,
      "T": 1705350871005,
      "m": false,
      "M": true
   },
   {
      "a": 313153476,
      "p": "0.53360000",
      "q": "37.40000000",
      "f": 467229172,
      "l": 467229172,
      "T": 1705350874877,
      "m": false,
      "M": true
   },
   {
      "a": 313153477,
      "p": "0.53360000",
      "q": "56.10000000",
      "f": 467229173,
      "l": 467229173,
      "T": 1705350874982,
      "m": false,
      "M": true
   },
   {
      "a": 313153478,
      "p": "0.53350000",
      "q": "128.40000000",
      "f": 467229174,
      "l": 467229178,
      "T": 1705350876586,
      "m": true,
      "M": true
   },
   {
      "a": 313153479,
      "p": "0.53360000",
      "q": "1236.50000000",
      "f": 467229179,
      "l": 467229180,
      "T": 1705350876725,
      "m": false,
      "M": true
   },
   {
      "a": 313153480,
      "p": "0.53360000",
      "q": "1005.80000000",
      "f": 467229181,
      "l": 467229182,
      "T": 1705350878093,
      "m": true,
      "M": true
   },
   {
      "a": 313153481,
      "p": "0.53360000",
      "q": "219.00000000",
      "f": 467229183,
      "l": 467229183,
      "T": 1705350878980,
      "m": true,
      "M": true
   },
   {
      "a": 313153482,
      "p": "0.53360000",
      "q": "500.00000000",
      "f": 467229184,
      "l": 467229185,
      "T": 1705350879584,
      "m": true,
      "M": true
   },
   {
      "a": 313153483,
      "p": "0.53370000",
      "q": "9368.50000000",
      "f": 467229186,
      "l": 467229192,
      "T": 1705350881657,
      "m": false,
      "M": true
   },
   {
      "a": 313153484,
      "p": "0.53370000",
      "q": "7707.90000000",
      "f": 467229193,
      "l": 467229196,
      "T": 1705350883968,
      "m": false,
      "M": true
   },
   {
      "a": 313153485,
      "p": "0.53370000",
      "q": "1240.70000000",
      "f": 467229197,
      "l": 467229200,
      "T": 1705350886163,
      "m": false,
      "M": true
   },
   {
      "a": 313153486,
      "p": "0.53370000",
      "q": "444.60000000",
      "f": 467229201,
      "l": 467229201,
      "T": 1705350886912,
      "m": false,
      "M": true
   },
   {
      "a": 313153487,
      "p": "0.53370000",
      "q": "9.60000000",
      "f": 467229202,
      "l": 467229202,
      "T": 1705350887250,
      "m": true,
      "M": true
   },
   {
      "a": 313153488,
      "p": "0.53380000",
      "q": "37.40000000",
      "f": 467229203,
      "l": 467229203,
      "T": 1705350891690,
      "m": false,
      "M": true
   },
   {
      "a": 313153489,
      "p": "0.53380000",
      "q": "46.80000000",
      "f": 467229204,
      "l": 467229204,
      "T": 1705350895620,
      "m": false,
      "M": true
   },
   {
      "a": 313153490,
      "p": "0.53370000",
      "q": "74.00000000",
      "f": 467229205,
      "l": 467229205,
      "T": 1705350896298,
      "m": true,
      "M": true
   },
   {
      "a": 313153491,
      "p": "0.53370000",
      "q": "22.00000000",
      "f": 467229206,
      "l": 467229206,
      "T": 1705350896381,
      "m": true,
      "M": true
   },
   {
      "a": 313153492,
      "p": "0.53370000",
      "q": "89.10000000",
      "f": 467229207,
      "l": 467229207,
      "T": 1705350897310,
      "m": true,
      "M": true
   },
   {
      "a": 313153493,
      "p": "0.53370000",
      "q": "94.80000000",
      "f": 467229208,
      "l": 467229208,
      "T": 1705350897774,
      "m": true,
      "M": true
   },
   {
      "a": 313153494,
      "p": "0.53370000",
      "q": "1851.60000000",
      "f": 467229209,
      "l": 467229213,
      "T": 1705350899766,
      "m": true,
      "M": true
   },
   {
      "a": 313153495,
      "p": "0.53360000",
      "q": "19169.80000000",
      "f": 467229214,
      "l": 467229222,
      "T": 1705350899766,
      "m": true,
      "M": true
   },
   {
      "a": 313153496,
      "p": "0.53370000",
      "q": "93.60000000",
      "f": 467229223,
      "l": 467229223,
      "T": 1705350901890,
      "m": false,
      "M": true
   },
   {
      "a": 313153497,
      "p": "0.53360000",
      "q": "1000.00000000",
      "f": 467229224,
      "l": 467229224,
      "T": 1705350904185,
      "m": true,
      "M": true
   },
   {
      "a": 313153498,
      "p": "0.53360000",
      "q": "1109.40000000",
      "f": 467229225,
      "l": 467229226,
      "T": 1705350905633,
      "m": true,
      "M": true
   },
   {
      "a": 313153499,
      "p": "0.53360000",
      "q": "2048.80000000",
      "f": 467229227,
      "l": 467229227,
      "T": 1705350905639,
      "m": false,
      "M": true
   },
   {
      "a": 313153500,
      "p": "0.53360000",
      "q": "2048.80000000",
      "f": 467229228,
      "l": 467229229,
      "T": 1705350905640,
      "m": false,
      "M": true
   },
   {
      "a": 313153501,
      "p": "0.53360000",
      "q": "50.50000000",
      "f": 467229230,
      "l": 467229230,
      "T": 1705350906647,
      "m": false,
      "M": true
   },
   {
      "a": 313153502,
      "p": "0.53360000",
      "q": "9.50000000",
      "f": 467229231,
      "l": 467229231,
      "T": 1705350913110,
      "m": false,
      "M": true
   },
   {
      "a": 313153503,
      "p": "0.53350000",
      "q": "9.60000000",
      "f": 467229232,
      "l": 467229233,
      "T": 1705350915769,
      "m": true,
      "M": true
   },
   {
      "a": 313153504,
      "p": "0.53360000",
      "q": "1351.70000000",
      "f": 467229234,
      "l": 467229236,
      "T": 1705350915841,
      "m": false,
      "M": true
   },
   {
      "a": 313153505,
      "p": "0.53360000",
      "q": "6137.60000000",
      "f": 467229237,
      "l": 467229240,
      "T": 1705350917545,
      "m": true,
      "M": true
   },
   {
      "a": 313153506,
      "p": "0.53370000",
      "q": "187.30000000",
      "f": 467229241,
      "l": 467229242,
      "T": 1705350921250,
      "m": false,
      "M": true
   },
   {
      "a": 313153507,
      "p": "0.53370000",
      "q": "37.40000000",
      "f": 467229243,
      "l": 467229243,
      "T": 1705350927301,
      "m": false,
      "M": true
   },
   {
      "a": 313153508,
      "p": "0.53360000",
      "q": "609.30000000",
      "f": 467229244,
      "l": 467229245,
      "T": 1705350933970,
      "m": true,
      "M": true
   },
   {
      "a": 313153509,
      "p": "0.53360000",
      "q": "156.50000000",
      "f": 467229246,
      "l": 467229246,
      "T": 1705350934877,
      "m": false,
      "M": true
   },
   {
      "a": 313153510,
      "p": "0.53360000",
      "q": "650.20000000",
      "f": 467229247,
      "l": 467229250,
      "T": 1705350942439,
      "m": false,
      "M": true
   },
   {
      "a": 313153511,
      "p": "0.53370000",
      "q": "1826.50000000",
      "f": 467229251,
      "l": 467229252,
      "T": 1705350944537,
      "m": false,
      "M": true
   },
   {
      "a": 313153512,
      "p": "0.53370000",
      "q": "81.90000000",
      "f": 467229253,
      "l": 467229253,
      "T": 1705350945280,
      "m": true,
      "M": true
   },
   {
      "a": 313153513,
      "p": "0.53380000",
      "q": "95.50000000",
      "f": 467229254,
      "l": 467229254,
      "T": 1705350946011,
      "m": false,
      "M": true
   },
   {
      "a": 313153514,
      "p": "0.53370000",
      "q": "597.10000000",
      "f": 467229255,
      "l": 467229256,
      "T": 1705350946488,
      "m": true,
      "M": true
   },
   {
      "a": 313153515,
      "p": "0.53370000",
      "q": "9.40000000",
      "f": 467229257,
      "l": 467229257,
      "T": 1705350950049,
      "m": false,
      "M": true
   },
   {
      "a": 313153516,
      "p": "0.53370000",
      "q": "24.80000000",
      "f": 467229258,
      "l": 467229258,
      "T": 1705350951389,
      "m": false,
      "M": true
   },
   {
      "a": 313153517,
      "p": "0.53360000",
      "q": "48.10000000",
      "f": 467229259,
      "l": 467229259,
      "T": 1705350952758,
      "m": true,
      "M": true
   },
   {
      "a": 313153518,
      "p": "0.53360000",
      "q": "48.10000000",
      "f": 467229260,
      "l": 467229260,
      "T": 1705350956006,
      "m": true,
      "M": true
   },
   {
      "a": 313153519,
      "p": "0.53360000",
      "q": "648.60000000",
      "f": 467229261,
      "l": 467229264,
      "T": 1705350956007,
      "m": true,
      "M": true
   },
   {
      "a": 313153520,
      "p": "0.53360000",
      "q": "19.00000000",
      "f": 467229265,
      "l": 467229265,
      "T": 1705350956811,
      "m": false,
      "M": true
   },
   {
      "a": 313153521,
      "p": "0.53360000",
      "q": "22.40000000",
      "f": 467229266,
      "l": 467229266,
      "T": 1705350958045,
      "m": false,
      "M": true
   },
   {
      "a": 313153522,
      "p": "0.53350000",
      "q": "1208.30000000",
      "f": 467229267,
      "l": 467229272,
      "T": 1705350959491,
      "m": true,
      "M": true
   },
   {
      "a": 313153523,
      "p": "0.53350000",
      "q": "800.90000000",
      "f": 467229273,
      "l": 467229273,
      "T": 1705350959496,
      "m": true,
      "M": true
   },
   {
      "a": 313153524,
      "p": "0.53350000",
      "q": "380.40000000",
      "f": 467229274,
      "l": 467229274,
      "T": 1705350959511,
      "m": true,
      "M": true
   },
   {
      "a": 313153525,
      "p": "0.53360000",
      "q": "834.80000000",
      "f": 467229275,
      "l": 467229276,
      "T": 1705350963998,
      "m": false,
      "M": true
   },
   {
      "a": 313153526,
      "p": "0.53360000",
      "q": "428.20000000",
      "f": 467229277,
      "l": 467229279,
      "T": 1705350967936,
      "m": true,
      "M": true
   },
   {
      "a": 313153527,
      "p": "0.53350000",
      "q": "146.50000000",
      "f": 467229280,
      "l": 467229280,
      "T": 1705350970361,
      "m": true,
      "M": true
   },
   {
      "a": 313153528,
      "p": "0.53350000",
      "q": "452.00000000",
      "f": 467229281,
      "l": 467229281,
      "T": 1705350970671,
      "m": true,
      "M": true
   },
   {
      "a": 313153529,
      "p": "0.53360000",
      "q": "29.90000000",
      "f": 467229282,
      "l": 467229282,
      "T": 1705350971419,
      "m": false,
      "M": true
   },
   {
      "a": 313153530,
      "p": "0.53350000",
      "q": "100.60000000",
      "f": 467229283,
      "l": 467229283,
      "T": 1705350972186,
      "m": true,
      "M": true
   },
   {
      "a": 313153531,
      "p": "0.53360000",
      "q": "112.40000000",
      "f": 467229284,
      "l": 467229284,
      "T": 1705350973744,
      "m": false,
      "M": true
   },
   {
      "a": 313153532,
      "p": "0.53360000",
      "q": "590.60000000",
      "f": 467229285,
      "l": 467229286,
      "T": 1705350977392,
      "m": false,
      "M": true
   },
   {
      "a": 313153533,
      "p": "0.53370000",
      "q": "38.60000000",
      "f": 467229287,
      "l": 467229287,
      "T": 1705350981610,
      "m": false,
      "M": true
   },
   {
      "a": 313153534,
      "p": "0.53360000",
      "q": "4214.80000000",
      "f": 467229288,
      "l": 467229291,
      "T": 1705350983222,
      "m": true,
      "M": true
   },
   {
      "a": 313153535,
      "p": "0.53350000",
      "q": "1441.20000000",
      "f": 467229292,
      "l": 467229292,
      "T": 1705350983222,
      "m": true,
      "M": true
   },
   {
      "a": 313153536,
      "p": "0.53360000",
      "q": "677.30000000",
      "f": 467229293,
      "l": 467229294,
      "T": 1705350991619,
      "m": false,
      "M": true
   },
   {
      "a": 313153537,
      "p": "0.53370000",
      "q": "49.50000000",
      "f": 467229295,
      "l": 467229296,
      "T": 1705350992669,
      "m": false,
      "M": true
   },
   {
      "a": 313153538,
      "p": "0.53370000",
      "q": "20.50000000",
      "f": 467229297,
      "l": 467229298,
      "T": 1705350996916,
      "m": false,
      "M": true
   },
   {
      "a": 313153539,
      "p": "0.53370000",
      "q": "19.90000000",
      "f": 467229299,
      "l": 467229299,
      "T": 1705350997811,
      "m": false,
      "M": true
   },
   {
      "a": 313153540,
      "p": "0.53370000",
      "q": "558.60000000",
      "f": 467229300,
      "l": 467229300,
      "T": 1705351002822,
      "m": false,
      "M": true
   },
   {
      "a": 313153541,
      "p": "0.53380000",
      "q": "360.10000000",
      "f": 467229301,
      "l": 467229302,
      "T": 1705351008754,
      "m": false,
      "M": true
   },
   {
      "a": 313153542,
      "p": "0.53380000",
      "q": "2007.50000000",
      "f": 467229303,
      "l": 467229304,
      "T": 1705351008829,
      "m": false,
      "M": true
   },
   {
      "a": 313153543,
      "p": "0.53400000",
      "q": "11.50000000",
      "f": 467229305,
      "l": 467229305,
      "T": 1705351016087,
      "m": false,
      "M": true
   },
   {
      "a": 313153544,
      "p": "0.53390000",
      "q": "26.00000000",
      "f": 467229306,
      "l": 467229306,
      "T": 1705351016897,
      "m": true,
      "M": true
   },
   {
      "a": 313153545,
      "p": "0.53400000",
      "q": "1142.50000000",
      "f": 467229307,
      "l": 467229307,
      "T": 1705351017539,
      "m": false,
      "M": true
   },
   {
      "a": 313153546,
      "p": "0.53390000",
      "q": "482.00000000",
      "f": 467229308,
      "l": 467229308,
      "T": 1705351019854,
      "m": true,
      "M": true
   },
   {
      "a": 313153547,
      "p": "0.53400000",
      "q": "3205.30000000",
      "f": 467229309,
      "l": 467229312,
      "T": 1705351021065,
      "m": false,
      "M": true
   },
   {
      "a": 313153548,
      "p": "0.53410000",
      "q": "21966.40000000",
      "f": 467229313,
      "l": 467229324,
      "T": 1705351021065,
      "m": false,
      "M": true
   },
   {
      "a": 313153549,
      "p": "0.53410000",
      "q": "2214.90000000",
      "f": 467229325,
      "l": 467229325,
      "T": 1705351021074,
      "m": false,
      "M": true
   },
   {
      "a": 313153550,
      "p": "0.53400000",
      "q": "9.60000000",
      "f": 467229326,
      "l": 467229326,
      "T": 1705351021077,
      "m": true,
      "M": true
   },
   {
      "a": 313153551,
      "p": "0.53400000",
      "q": "69.90000000",
      "f": 467229327,
      "l": 467229327,
      "T": 1705351021114,
      "m": true,
      "M": true
   },
   {
      "a": 313153552,
      "p": "0.53410000",
      "q": "213.90000000",
      "f": 467229328,
      "l": 467229328,
      "T": 1705351023243,
      "m": false,
      "M": true
   },
   {
      "a": 313153553,
      "p": "0.53410000",
      "q": "2298.20000000",
      "f": 467229329,
      "l": 467229331,
      "T": 1705351025644,
      "m": false,
      "M": true
   },
   {
      "a": 313153554,
      "p": "0.53410000",
      "q": "124.30000000",
      "f": 467229332,
      "l": 467229333,
      "T": 1705351032056,
      "m": false,
      "M": true
   },
   {
      "a": 313153555,
      "p": "0.53430000",
      "q": "101.00000000",
      "f": 467229334,
      "l": 467229335,
      "T": 1705351034660,
      "m": false,
      "M": true
   },
   {
      "a": 313153556,
      "p": "0.53440000",
      "q": "498.70000000",
      "f": 467229336,
      "l": 467229337,
      "T": 1705351040756,
      "m": false,
      "M": true
   },
   {
      "a": 313153557,
      "p": "0.53430000",
      "q": "624.20000000",
      "f": 467229338,
      "l": 467229339,
      "T": 1705351045732,
      "m": true,
      "M": true
   },
   {
      "a": 313153558,
      "p": "0.53430000",
      "q": "21.20000000",
      "f": 467229340,
      "l": 467229340,
      "T": 1705351050280,
      "m": false,
      "M": true
   },
   {
      "a": 313153559,
      "p": "0.53430000",
      "q": "864.70000000",
      "f": 467229341,
      "l": 467229342,
      "T": 1705351052780,
      "m": true,
      "M": true
   },
   {
      "a": 313153560,
      "p": "0.53430000",
      "q": "800.20000000",
      "f": 467229343,
      "l": 467229344,
      "T": 1705351053279,
      "m": true,
      "M": true
   },
   {
      "a": 313153561,
      "p": "0.53420000",
      "q": "21.70000000",
      "f": 467229345,
      "l": 467229345,
      "T": 1705351063852,
      "m": true,
      "M": true
   },
   {
      "a": 313153562,
      "p": "0.53420000",
      "q": "9.60000000",
      "f": 467229346,
      "l": 467229346,
      "T": 1705351066243,
      "m": true,
      "M": true
   },
   {
      "a": 313153563,
      "p": "0.53430000",
      "q": "17.90000000",
      "f": 467229347,
      "l": 467229347,
      "T": 1705351071412,
      "m": false,
      "M": true
   },
   {
      "a": 313153564,
      "p": "0.53430000",
      "q": "602.00000000",
      "f": 467229348,
      "l": 467229349,
      "T": 1705351074507,
      "m": false,
      "M": true
   },
   {
      "a": 313153565,
      "p": "0.53440000",
      "q": "23.50000000",
      "f": 467229350,
      "l": 467229350,
      "T": 1705351074793,
      "m": false,
      "M": true
   },
   {
      "a": 313153566,
      "p": "0.53440000",
      "q": "46.90000000",
      "f": 467229351,
      "l": 467229351,
      "T": 1705351077259,
      "m": true,
      "M": true
   },
   {
      "a": 313153567,
      "p": "0.53440000",
      "q": "533.40000000",
      "f": 467229352,
      "l": 467229352,
      "T": 1705351081813,
      "m": true,
      "M": true
   },
   {
      "a": 313153568,
      "p": "0.53450000",
      "q": "378.40000000",
      "f": 467229353,
      "l": 467229353,
      "T": 1705351084637,
      "m": false,
      "M": true
   },
   {
      "a": 313153569,
      "p": "0.53450000",
      "q": "217.70000000",
      "f": 467229354,
      "l": 467229354,
      "T": 1705351084640,
      "m": false,
      "M": true
   },
   {
      "a": 313153570,
      "p": "0.53460000",
      "q": "121.70000000",
      "f": 467229355,
      "l": 467229355,
      "T": 1705351084982,
      "m": false,
      "M": true
   },
   {
      "a": 313153571,
      "p": "0.53470000",
      "q": "18.60000000",
      "f": 467229356,
      "l": 467229356,
      "T": 1705351087173,
      "m": false,
      "M": true
   },
   {
      "a": 313153572,
      "p": "0.53480000",
      "q": "329.70000000",
      "f": 467229357,
      "l": 467229360,
      "T": 1705351087173,
      "m": false,
      "M": true
   },
   {
      "a": 313153573,
      "p": "0.53490000",
      "q": "22.80000000",
      "f": 467229361,
      "l": 467229361,
      "T": 1705351090469,
      "m": false,
      "M": true
   },
   {
      "a": 313153574,
      "p": "0.53480000",
      "q": "27.40000000",
      "f": 467229362,
      "l": 467229362,
      "T": 1705351094143,
      "m": true,
      "M": true
   },
   {
      "a": 313153575,
      "p": "0.53480000",
      "q": "100.00000000",
      "f": 467229363,
      "l": 467229363,
      "T": 1705351094774,
      "m": true,
      "M": true
   },
   {
      "a": 313153576,
      "p": "0.53480000",
      "q": "9.60000000",
      "f": 467229364,
      "l": 467229364,
      "T": 1705351096075,
      "m": true,
      "M": true
   },
   {
      "a": 313153577,
      "p": "0.53480000",
      "q": "3111.80000000",
      "f": 467229365,
      "l": 467229369,
      "T": 1705351098785,
      "m": true,
      "M": true
   },
   {
      "a": 313153578,
      "p": "0.53490000",
      "q": "190.90000000",
      "f": 467229370,
      "l": 467229371,
      "T": 1705351100438,
      "m": false,
      "M": true
   },
   {
      "a": 313153579,
      "p": "0.53480000",
      "q": "94.50000000",
      "f": 467229372,
      "l": 467229372,
      "T": 1705351103652,
      "m": true,
      "M": true
   },
   {
      "a": 313153580,
      "p": "0.53490000",
      "q": "9.40000000",
      "f": 467229373,
      "l": 467229373,
      "T": 1705351107539,
      "m": false,
      "M": true
   },
   {
      "a": 313153581,
      "p": "0.53480000",
      "q": "76.00000000",
      "f": 467229374,
      "l": 467229374,
      "T": 1705351110289,
      "m": true,
      "M": true
   },
   {
      "a": 313153582,
      "p": "0.53490000",
      "q": "373.90000000",
      "f": 467229375,
      "l": 467229375,
      "T": 1705351111755,
      "m": false,
      "M": true
   },
   {
      "a": 313153583,
      "p": "0.53480000",
      "q": "52.50000000",
      "f": 467229376,
      "l": 467229376,
      "T": 1705351112173,
      "m": true,
      "M": true
   },
   {
      "a": 313153584,
      "p": "0.53490000",
      "q": "94.50000000",
      "f": 467229377,
      "l": 467229377,
      "T": 1705351114118,
      "m": false,
      "M": true
   },
   {
      "a": 313153585,
      "p": "0.53490000",
      "q": "14.90000000",
      "f": 467229378,
      "l": 467229378,
      "T": 1705351114219,
      "m": false,
      "M": true
   },
   {
      "a": 313153586,
      "p": "0.53480000",
      "q": "111.00000000",
      "f": 467229379,
      "l": 467229379,
      "T": 1705351114718,
      "m": true,
      "M": true
   },
   {
      "a": 313153587,
      "p": "0.53480000",
      "q": "755.10000000",
      "f": 467229380,
      "l": 467229384,
      "T": 1705351117182,
      "m": true,
      "M": true
   },
   {
      "a": 313153588,
      "p": "0.53480000",
      "q": "59.60000000",
      "f": 467229385,
      "l": 467229385,
      "T": 1705351117234,
      "m": false,
      "M": true
   },
   {
      "a": 313153589,
      "p": "0.53470000",
      "q": "1595.80000000",
      "f": 467229386,
      "l": 467229387,
      "T": 1705351117396,
      "m": true,
      "M": true
   },
   {
      "a": 313153590,
      "p": "0.53460000",
      "q": "4009.80000000",
      "f": 467229388,
      "l": 467229391,
      "T": 1705351117593,
      "m": true,
      "M": true
   },
   {
      "a": 313153591,
      "p": "0.53460000",
      "q": "41.10000000",
      "f": 467229392,
      "l": 467229392,
      "T": 1705351134847,
      "m": true,
      "M": true
   },
   {
      "a": 313153592,
      "p": "0.53460000",
      "q": "87.00000000",
      "f": 467229393,
      "l": 467229393,
      "T": 1705351138648,
      "m": false,
      "M": true
   },
   {
      "a": 313153593,
      "p": "0.53450000",
      "q": "1269.70000000",
      "f": 467229394,
      "l": 467229396,
      "T": 1705351140282,
      "m": true,
      "M": true
   },
   {
      "a": 313153594,
      "p": "0.53460000",
      "q": "1495.70000000",
      "f": 467229397,
      "l": 467229400,
      "T": 1705351144552,
      "m": false,
      "M": true
   },
   {
      "a": 313153595,
      "p": "0.53460000",
      "q": "1624.60000000",
      "f": 467229401,
      "l": 467229403,
      "T": 1705351147168,
      "m": false,
      "M": true
   },
   {
      "a": 313153596,
      "p": "0.53470000",
      "q": "11457.80000000",
      "f": 467229404,
      "l": 467229413,
      "T": 1705351147168,
      "m": false,
      "M": true
   },
   {
      "a": 313153597,
      "p": "0.53460000",
      "q": "1402.90000000",
      "f": 467229414,
      "l": 467229414,
      "T": 1705351157577,
      "m": true,
      "M": true
   },
   {
      "a": 313153598,
      "p": "0.53460000",
      "q": "373.30000000",
      "f": 467229415,
      "l": 467229415,
      "T": 1705351159465,
      "m": true,
      "M": true
   },
   {
      "a": 313153599,
      "p": "0.53460000",
      "q": "596.00000000",
      "f": 467229416,
      "l": 467229418,
      "T": 1705351159608,
      "m": true,
      "M": true
   },
   {
      "a": 313153600,
      "p": "0.53450000",
      "q": "2518.20000000",
      "f": 467229419,
      "l": 467229420,
      "T": 1705351160839,
      "m": true,
      "M": true
   },
   {
      "a": 313153601,
      "p": "0.53450000",
      "q": "196.90000000",
      "f": 467229421,
      "l": 467229421,
      "T": 1705351160852,
      "m": true,
      "M": true
   },
   {
      "a": 313153602,
      "p": "0.53450000",
      "q": "93.50000000",
      "f": 467229422,
      "l": 467229422,
      "T": 1705351169043,
      "m": false,
      "M": true
   },
   {
      "a": 313153603,
      "p": "0.53450000",
      "q": "48.80000000",
      "f": 467229423,
      "l": 467229423,
      "T": 1705351169290,
      "m": false,
      "M": true
   },
   {
      "a": 313153604,
      "p": "0.53450000",
      "q": "98.70000000",
      "f": 467229424,
      "l": 467229424,
      "T": 1705351170232,
      "m": false,
      "M": true
   },
   {
      "a": 313153605,
      "p": "0.53450000",
      "q": "9335.80000000",
      "f": 467229425,
      "l": 467229431,
      "T": 1705351171283,
      "m": false,
      "M": true
   },
   {
      "a": 313153606,
      "p": "0.53440000",
      "q": "616.50000000",
      "f": 467229432,
      "l": 467229434,
      "T": 1705351172538,
      "m": true,
      "M": true
   },
   {
      "a": 313153607,
      "p": "0.53430000",
      "q": "18.40000000",
      "f": 467229435,
      "l": 467229435,
      "T": 1705351173721,
      "m": true,
      "M": true
   },
   {
      "a": 313153608,
      "p": "0.53440000",
      "q": "107.20000000",
      "f": 467229436,
      "l": 467229436,
      "T": 1705351175165,
      "m": false,
      "M": true
   },
   {
      "a": 313153609,
      "p": "0.53440000",
      "q": "18.10000000",
      "f": 467229437,
      "l": 467229437,
      "T": 1705351176411,
      "m": false,
      "M": true
   },
   {
      "a": 313153610,
      "p": "0.53440000",
      "q": "11.20000000",
      "f": 467229438,
      "l": 467229438,
      "T": 1705351176914,
      "m": false,
      "M": true
   },
   {
      "a": 313153611,
      "p": "0.53430000",
      "q": "6000.00000000",
      "f": 467229439,
      "l": 467229446,
      "T": 1705351177751,
      "m": true,
      "M": true
   },
   {
      "a": 313153612,
      "p": "0.53430000",
      "q": "132.10000000",
      "f": 467229447,
      "l": 467229447,
      "T": 1705351179271,
      "m": true,
      "M": true
   },
   {
      "a": 313153613,
      "p": "0.53430000",
      "q": "100.00000000",
      "f": 467229448,
      "l": 467229448,
      "T": 1705351180011,
      "m": true,
      "M": true
   },
   {
      "a": 313153614,
      "p": "0.53430000",
      "q": "84.60000000",
      "f": 467229449,
      "l": 467229449,
      "T": 1705351182542,
      "m": true,
      "M": true
   },
   {
      "a": 313153615,
      "p": "0.53420000",
      "q": "3325.30000000",
      "f": 467229450,
      "l": 467229454,
      "T": 1705351191335,
      "m": true,
      "M": true
   },
   {
      "a": 313153616,
      "p": "0.53420000",
      "q": "200.90000000",
      "f": 467229455,
      "l": 467229455,
      "T": 1705351191336,
      "m": true,
      "M": true
   },
   {
      "a": 313153617,
      "p": "0.53410000",
      "q": "93.30000000",
      "f": 467229456,
      "l": 467229457,
      "T": 1705351199266,
      "m": true,
      "M": true
   },
   {
      "a": 313153618,
      "p": "0.53420000",
      "q": "458.30000000",
      "f": 467229458,
      "l": 467229458,
      "T": 1705351199463,
      "m": false,
      "M": true
   },
   {
      "a": 313153619,
      "p": "0.53400000",
      "q": "3138.50000000",
      "f": 467229459,
      "l": 467229461,
      "T": 1705351202495,
      "m": false,
      "M": true
   },
   {
      "a": 313153620,
      "p": "0.53400000",
      "q": "37.40000000",
      "f": 467229462,
      "l": 467229462,
      "T": 1705351204978,
      "m": false,
      "M": true
   },
   {
      "a": 313153621,
      "p": "0.53400000",
      "q": "187.20000000",
      "f": 467229463,
      "l": 467229463,
      "T": 1705351207306,
      "m": false,
      "M": true
   },
   {
      "a": 313153622,
      "p": "0.53390000",
      "q": "450.00000000",
      "f": 467229464,
      "l": 467229465,
      "T": 1705351216444,
      "m": true,
      "M": true
   },
   {
      "a": 313153623,
      "p": "0.53400000",
      "q": "99.00000000",
      "f": 467229466,
      "l": 467229466,
      "T": 1705351217275,
      "m": false,
      "M": true
   },
   {
      "a": 313153624,
      "p": "0.53390000",
      "q": "400.00000000",
      "f": 467229467,
      "l": 467229467,
      "T": 1705351218028,
      "m": true,
      "M": true
   },
   {
      "a": 313153625,
      "p": "0.53390000",
      "q": "539.90000000",
      "f": 467229468,
      "l": 467229469,
      "T": 1705351218029,
      "m": true,
      "M": true
   },
   {
      "a": 313153626,
      "p": "0.53390000",
      "q": "1546.30000000",
      "f": 467229470,
      "l": 467229470,
      "T": 1705351218034,
      "m": true,
      "M": true
   },
   {
      "a": 313153627,
      "p": "0.53380000",
      "q": "337.10000000",
      "f": 467229471,
      "l": 467229471,
      "T": 1705351218048,
      "m": true,
      "M": true
   },
   {
      "a": 313153628,
      "p": "0.53380000",
      "q": "18.70000000",
      "f": 467229472,
      "l": 467229472,
      "T": 1705351218048,
      "m": true,
      "M": true
   },
   {
      "a": 313153629,
      "p": "0.53380000",
      "q": "112.30000000",
      "f": 467229473,
      "l": 467229473,
      "T": 1705351218048,
      "m": true,
      "M": true
   },
   {
      "a": 313153630,
      "p": "0.53390000",
      "q": "17.90000000",
      "f": 467229474,
      "l": 467229474,
      "T": 1705351218211,
      "m": false,
      "M": true
   },
   {
      "a": 313153631,
      "p": "0.53380000",
      "q": "183.30000000",
      "f": 467229475,
      "l": 467229476,
      "T": 1705351218213,
      "m": true,
      "M": true
   },
   {
      "a": 313153632,
      "p": "0.53380000",
      "q": "144.20000000",
      "f": 467229477,
      "l": 467229477,
      "T": 1705351218710,
      "m": false,
      "M": true
   },
   {
      "a": 313153633,
      "p": "0.53380000",
      "q": "187.20000000",
      "f": 467229478,
      "l": 467229478,
      "T": 1705351220406,
      "m": false,
      "M": true
   },
   {
      "a": 313153634,
      "p": "0.53370000",
      "q": "939.00000000",
      "f": 467229479,
      "l": 467229480,
      "T": 1705351223497,
      "m": true,
      "M": true
   },
   {
      "a": 313153635,
      "p": "0.53380000",
      "q": "84.70000000",
      "f": 467229481,
      "l": 467229481,
      "T": 1705351230480,
      "m": false,
      "M": true
   },
   {
      "a": 313153636,
      "p": "0.53380000",
      "q": "727.10000000",
      "f": 467229482,
      "l": 467229483,
      "T": 1705351230892,
      "m": false,
      "M": true
   },
   {
      "a": 313153637,
      "p": "0.53390000",
      "q": "35.10000000",
      "f": 467229484,
      "l": 467229484,
      "T": 1705351231388,
      "m": false,
      "M": true
   },
   {
      "a": 313153638,
      "p": "0.53380000",
      "q": "12.30000000",
      "f": 467229485,
      "l": 467229485,
      "T": 1705351236289,
      "m": true,
      "M": true
   },
   {
      "a": 313153639,
      "p": "0.53380000",
      "q": "1500.00000000",
      "f": 467229486,
      "l": 467229487,
      "T": 1705351239152,
      "m": true,
      "M": true
   },
   {
      "a": 313153640,
      "p": "0.53390000",
      "q": "1207.90000000",
      "f": 467229488,
      "l": 467229490,
      "T": 1705351239639,
      "m": false,
      "M": true
   },
   {
      "a": 313153641,
      "p": "0.53390000",
      "q": "609.20000000",
      "f": 467229491,
      "l": 467229492,
      "T": 1705351242913,
      "m": false,
      "M": true
   },
   {
      "a": 313153642,
      "p": "0.53400000",
      "q": "37.40000000",
      "f": 467229493,
      "l": 467229493,
      "T": 1705351243151,
      "m": false,
      "M": true
   },
   {
      "a": 313153643,
      "p": "0.53390000",
      "q": "1062.30000000",
      "f": 467229494,
      "l": 467229495,
      "T": 1705351247777,
      "m": true,
      "M": true
   },
   {
      "a": 313153644,
      "p": "0.53390000",
      "q": "538.80000000",
      "f": 467229496,
      "l": 467229496,
      "T": 1705351247777,
      "m": true,
      "M": true
   },
   {
      "a": 313153645,
      "p": "0.53390000",
      "q": "785.50000000",
      "f": 467229497,
      "l": 467229497,
      "T": 1705351247777,
      "m": true,
      "M": true
   },
   {
      "a": 313153646,
      "p": "0.53390000",
      "q": "833.00000000",
      "f": 467229498,
      "l": 467229499,
      "T": 1705351247778,
      "m": true,
      "M": true
   },
   {
      "a": 313153647,
      "p": "0.53380000",
      "q": "659.90000000",
      "f": 467229500,
      "l": 467229502,
      "T": 1705351247780,
      "m": true,
      "M": true
   },
   {
      "a": 313153648,
      "p": "0.53370000",
      "q": "1404.70000000",
      "f": 467229503,
      "l": 467229506,
      "T": 1705351247791,
      "m": true,
      "M": true
   },
   {
      "a": 313153649,
      "p": "0.53370000",
      "q": "1600.00000000",
      "f": 467229507,
      "l": 467229508,
      "T": 1705351247791,
      "m": true,
      "M": true
   },
   {
      "a": 313153650,
      "p": "0.53360000",
      "q": "1200.00000000",
      "f": 467229509,
      "l": 467229511,
      "T": 1705351247826,
      "m": true,
      "M": true
   },
   {
      "a": 313153651,
      "p": "0.53360000",
      "q": "1325.00000000",
      "f": 467229512,
      "l": 467229513,
      "T": 1705351247843,
      "m": true,
      "M": true
   },
   {
      "a": 313153652,
      "p": "0.53360000",
      "q": "596.80000000",
      "f": 467229514,
      "l": 467229514,
      "T": 1705351254560,
      "m": false,
      "M": true
   },
   {
      "a": 313153653,
      "p": "0.53370000",
      "q": "421.30000000",
      "f": 467229515,
      "l": 467229515,
      "T": 1705351255577,
      "m": false,
      "M": true
   },
   {
      "a": 313153654,
      "p": "0.53360000",
      "q": "152.20000000",
      "f": 467229516,
      "l": 467229516,
      "T": 1705351257589,
      "m": false,
      "M": true
   },
   {
      "a": 313153655,
      "p": "0.53360000",
      "q": "155.50000000",
      "f": 467229517,
      "l": 467229517,
      "T": 1705351258920,
      "m": false,
      "M": true
   },
   {
      "a": 313153656,
      "p": "0.53360000",
      "q": "153.90000000",
      "f": 467229518,
      "l": 467229518,
      "T": 1705351259403,
      "m": false,
      "M": true
   },
   {
      "a": 313153657,
      "p": "0.53350000",
      "q": "86.00000000",
      "f": 467229519,
      "l": 467229519,
      "T": 1705351259421,
      "m": true,
      "M": true
   },
   {
      "a": 313153658,
      "p": "0.53360000",
      "q": "20.60000000",
      "f": 467229520,
      "l": 467229520,
      "T": 1705351263878,
      "m": false,
      "M": true
   },
   {
      "a": 313153659,
      "p": "0.53350000",
      "q": "100.20000000",
      "f": 467229521,
      "l": 467229521,
      "T": 1705351264703,
      "m": true,
      "M": true
   },
   {
      "a": 313153660,
      "p": "0.53350000",
      "q": "18.70000000",
      "f": 467229522,
      "l": 467229522,
      "T": 1705351271068,
      "m": true,
      "M": true
   },
   {
      "a": 313153661,
      "p": "0.53350000",
      "q": "845.80000000",
      "f": 467229523,
      "l": 467229523,
      "T": 1705351271749,
      "m": true,
      "M": true
   },
   {
      "a": 313153662,
      "p": "0.53350000",
      "q": "1827.20000000",
      "f": 467229524,
      "l": 467229524,
      "T": 1705351271749,
      "m": true,
      "M": true
   },
   {
      "a": 313153663,
      "p": "0.53350000",
      "q": "2736.90000000",
      "f": 467229525,
      "l": 467229525,
      "T": 1705351271752,
      "m": true,
      "M": true
   },
   {
      "a": 313153664,
      "p": "0.53350000",
      "q": "652.40000000",
      "f": 467229526,
      "l": 467229526,
      "T": 1705351271753,
      "m": true,
      "M": true
   },
   {
      "a": 313153665,
      "p": "0.53350000",
      "q": "12250.00000000",
      "f": 467229527,
      "l": 467229527,
      "T": 1705351271753,
      "m": true,
      "M": true
   },
   {
      "a": 313153666,
      "p": "0.53350000",
      "q": "1554.00000000",
      "f": 467229528,
      "l": 467229528,
      "T": 1705351271753,
      "m": true,
      "M": true
   },
   {
      "a": 313153667,
      "p": "0.53350000",
      "q": "1753.60000000",
      "f": 467229529,
      "l": 467229529,
      "T": 1705351271754,
      "m": true,
      "M": true
   },
   {
      "a": 313153668,
      "p": "0.53350000",
      "q": "571.20000000",
      "f": 467229530,
      "l": 467229535,
      "T": 1705351271756,
      "m": true,
      "M": true
   },
   {
      "a": 313153669,
      "p": "0.53340000",
      "q": "854.40000000",
      "f": 467229536,
      "l": 467229542,
      "T": 1705351271759,
      "m": true,
      "M": true
   },
   {
      "a": 313153670,
      "p": "0.53340000",
      "q": "176.80000000",
      "f": 467229543,
      "l": 467229543,
      "T": 1705351273229,
      "m": false,
      "M": true
   },
   {
      "a": 313153671,
      "p": "0.53330000",
      "q": "50.00000000",
      "f": 467229544,
      "l": 467229545,
      "T": 1705351273443,
      "m": true,
      "M": true
   },
   {
      "a": 313153672,
      "p": "0.53330000",
      "q": "699.30000000",
      "f": 467229546,
      "l": 467229554,
      "T": 1705351276495,
      "m": true,
      "M": true
   },
   {
      "a": 313153673,
      "p": "0.53330000",
      "q": "100.70000000",
      "f": 467229555,
      "l": 467229555,
      "T": 1705351276542,
      "m": true,
      "M": true
   },
   {
      "a": 313153674,
      "p": "0.53340000",
      "q": "291.00000000",
      "f": 467229556,
      "l": 467229556,
      "T": 1705351278140,
      "m": false,
      "M": true
   },
   {
      "a": 313153675,
      "p": "0.53330000",
      "q": "273.30000000",
      "f": 467229557,
      "l": 467229558,
      "T": 1705351278187,
      "m": true,
      "M": true
   },
   {
      "a": 313153676,
      "p": "0.53330000",
      "q": "96.30000000",
      "f": 467229559,
      "l": 467229559,
      "T": 1705351278309,
      "m": false,
      "M": true
   },
   {
      "a": 313153677,
      "p": "0.53330000",
      "q": "510.30000000",
      "f": 467229560,
      "l": 467229560,
      "T": 1705351279728,
      "m": false,
      "M": true
   },
   {
      "a": 313153678,
      "p": "0.53330000",
      "q": "71.20000000",
      "f": 467229561,
      "l": 467229561,
      "T": 1705351280232,
      "m": false,
      "M": true
   },
   {
      "a": 313153679,
      "p": "0.53320000",
      "q": "660.10000000",
      "f": 467229562,
      "l": 467229569,
      "T": 1705351281525,
      "m": true,
      "M": true
   },
   {
      "a": 313153680,
      "p": "0.53330000",
      "q": "26.90000000",
      "f": 467229570,
      "l": 467229570,
      "T": 1705351285152,
      "m": false,
      "M": true
   },
   {
      "a": 313153681,
      "p": "0.53330000",
      "q": "75.20000000",
      "f": 467229571,
      "l": 467229571,
      "T": 1705351288636,
      "m": false,
      "M": true
   },
   {
      "a": 313153682,
      "p": "0.53330000",
      "q": "35.40000000",
      "f": 467229572,
      "l": 467229572,
      "T": 1705351295074,
      "m": false,
      "M": true
   },
   {
      "a": 313153683,
      "p": "0.53320000",
      "q": "90.40000000",
      "f": 467229573,
      "l": 467229574,
      "T": 1705351295492,
      "m": true,
      "M": true
   },
   {
      "a": 313153684,
      "p": "0.53310000",
      "q": "56.60000000",
      "f": 467229575,
      "l": 467229579,
      "T": 1705351296427,
      "m": true,
      "M": true
   },
   {
      "a": 313153685,
      "p": "0.53320000",
      "q": "359.80000000",
      "f": 467229580,
      "l": 467229580,
      "T": 1705351296813,
      "m": false,
      "M": true
   },
   {
      "a": 313153686,
      "p": "0.53320000",
      "q": "264.90000000",
      "f": 467229581,
      "l": 467229581,
      "T": 1705351297244,
      "m": false,
      "M": true
   },
   {
      "a": 313153687,
      "p": "0.53310000",
      "q": "76.00000000",
      "f": 467229582,
      "l": 467229583,
      "T": 1705351302777,
      "m": true,
      "M": true
   },
   {
      "a": 313153688,
      "p": "0.53320000",
      "q": "93.70000000",
      "f": 467229584,
      "l": 467229584,
      "T": 1705351306089,
      "m": false,
      "M": true
   },
   {
      "a": 313153689,
      "p": "0.53320000",
      "q": "15.70000000",
      "f": 467229585,
      "l": 467229585,
      "T": 1705351306984,
      "m": false,
      "M": true
   },
   {
      "a": 313153690,
      "p": "0.53310000",
      "q": "301.80000000",
      "f": 467229586,
      "l": 467229586,
      "T": 1705351309610,
      "m": true,
      "M": true
   },
   {
      "a": 313153691,
      "p": "0.53310000",
      "q": "47.40000000",
      "f": 467229587,
      "l": 467229587,
      "T": 1705351309722,
      "m": true,
      "M": true
   },
   {
      "a": 313153692,
      "p": "0.53310000",
      "q": "102.70000000",
      "f": 467229588,
      "l": 467229588,
      "T": 1705351310062,
      "m": false,
      "M": true
   },
   {
      "a": 313153693,
      "p": "0.53310000",
      "q": "1000.00000000",
      "f": 467229589,
      "l": 467229589,
      "T": 1705351310964,
      "m": false,
      "M": true
   },
   {
      "a": 313153694,
      "p": "0.53310000",
      "q": "73.50000000",
      "f": 467229590,
      "l": 467229590,
      "T": 1705351311248,
      "m": false,
      "M": true
   },
   {
      "a": 313153695,
      "p": "0.53310000",
      "q": "377.30000000",
      "f": 467229591,
      "l": 467229591,
      "T": 1705351311322,
      "m": false,
      "M": true
   },
   {
      "a": 313153696,
      "p": "0.53310000",
      "q": "106.90000000",
      "f": 467229592,
      "l": 467229592,
      "T": 1705351311512,
      "m": false,
      "M": true
   },
   {
      "a": 313153697,
      "p": "0.53310000",
      "q": "37.50000000",
      "f": 467229593,
      "l": 467229593,
      "T": 1705351311794,
      "m": false,
      "M": true
   },
   {
      "a": 313153698,
      "p": "0.53310000",
      "q": "375.00000000",
      "f": 467229594,
      "l": 467229594,
      "T": 1705351314622,
      "m": false,
      "M": true
   },
   {
      "a": 313153699,
      "p": "0.53310000",
      "q": "810.40000000",
      "f": 467229595,
      "l": 467229597,
      "T": 1705351315213,
      "m": false,
      "M": true
   },
   {
      "a": 313153700,
      "p": "0.53320000",
      "q": "10.90000000",
      "f": 467229598,
      "l": 467229598,
      "T": 1705351318303,
      "m": false,
      "M": true
   },
   {
      "a": 313153701,
      "p": "0.53310000",
      "q": "4108.20000000",
      "f": 467229599,
      "l": 467229601,
      "T": 1705351319027,
      "m": true,
      "M": true
   },
   {
      "a": 313153702,
      "p": "0.53300000",
      "q": "1493.40000000",
      "f": 467229602,
      "l": 467229614,
      "T": 1705351319027,
      "m": true,
      "M": true
   },
   {
      "a": 313153703,
      "p": "0.53300000",
      "q": "161.40000000",
      "f": 467229615,
      "l": 467229616,
      "T": 1705351326720,
      "m": true,
      "M": true
   },
   {
      "a": 313153704,
      "p": "0.53300000",
      "q": "22.90000000",
      "f": 467229617,
      "l": 467229617,
      "T": 1705351327562,
      "m": false,
      "M": true
   },
   {
      "a": 313153705,
      "p": "0.53300000",
      "q": "283.90000000",
      "f": 467229618,
      "l": 467229618,
      "T": 1705351328256,
      "m": false,
      "M": true
   },
   {
      "a": 313153706,
      "p": "0.53300000",
      "q": "377.10000000",
      "f": 467229619,
      "l": 467229619,
      "T": 1705351329833,
      "m": false,
      "M": true
   },
   {
      "a": 313153707,
      "p": "0.53290000",
      "q": "768.50000000",
      "f": 467229620,
      "l": 467229620,
      "T": 1705351337266,
      "m": true,
      "M": true
   },
   {
      "a": 313153708,
      "p": "0.53300000",
      "q": "75.00000000",
      "f": 467229621,
      "l": 467229621,
      "T": 1705351338221,
      "m": false,
      "M": true
   },
   {
      "a": 313153709,
      "p": "0.53290000",
      "q": "350.00000000",
      "f": 467229622,
      "l": 467229622,
      "T": 1705351341128,
      "m": true,
      "M": true
   },
   {
      "a": 313153710,
      "p": "0.53300000",
      "q": "721.90000000",
      "f": 467229623,
      "l": 467229625,
      "T": 1705351342122,
      "m": false,
      "M": true
   },
   {
      "a": 313153711,
      "p": "0.53300000",
      "q": "3614.90000000",
      "f": 467229626,
      "l": 467229629,
      "T": 1705351346997,
      "m": false,
      "M": true
   },
   {
      "a": 313153712,
      "p": "0.53310000",
      "q": "657.70000000",
      "f": 467229630,
      "l": 467229632,
      "T": 1705351353513,
      "m": false,
      "M": true
   },
   {
      "a": 313153713,
      "p": "0.53310000",
      "q": "1295.80000000",
      "f": 467229633,
      "l": 467229634,
      "T": 1705351356993,
      "m": true,
      "M": true
   },
   {
      "a": 313153714,
      "p": "0.53320000",
      "q": "803.70000000",
      "f": 467229635,
      "l": 467229636,
      "T": 1705351358358,
      "m": false,
      "M": true
   },
   {
      "a": 313153715,
      "p": "0.53330000",
      "q": "3079.40000000",
      "f": 467229637,
      "l": 467229641,
      "T": 1705351360830,
      "m": false,
      "M": true
   },
   {
      "a": 313153716,
      "p": "0.53330000",
      "q": "19.60000000",
      "f": 467229642,
      "l": 467229642,
      "T": 1705351361262,
      "m": true,
      "M": true
   },
   {
      "a": 313153717,
      "p": "0.53330000",
      "q": "229.10000000",
      "f": 467229643,
      "l": 467229643,
      "T": 1705351370855,
      "m": true,
      "M": true
   },
   {
      "a": 313153718,
      "p": "0.53330000",
      "q": "137.60000000",
      "f": 467229644,
      "l": 467229644,
      "T": 1705351375330,
      "m": true,
      "M": true
   },
   {
      "a": 313153719,
      "p": "0.53330000",
      "q": "1224.80000000",
      "f": 467229645,
      "l": 467229648,
      "T": 1705351376988,
      "m": true,
      "M": true
   },
   {
      "a": 313153720,
      "p": "0.53330000",
      "q": "65.50000000",
      "f": 467229649,
      "l": 467229649,
      "T": 1705351377335,
      "m": true,
      "M": true
   },
   {
      "a": 313153721,
      "p": "0.53320000",
      "q": "331.00000000",
      "f": 467229650,
      "l": 467229650,
      "T": 1705351378344,
      "m": true,
      "M": true
   },
   {
      "a": 313153722,
      "p": "0.53320000",
      "q": "25.10000000",
      "f": 467229651,
      "l": 467229651,
      "T": 1705351379333,
      "m": true,
      "M": true
   },
   {
      "a": 313153723,
      "p": "0.53320000",
      "q": "142.70000000",
      "f": 467229652,
      "l": 467229652,
      "T": 1705351383320,
      "m": true,
      "M": true
   },
   {
      "a": 313153724,
      "p": "0.53330000",
      "q": "36.80000000",
      "f": 467229653,
      "l": 467229653,
      "T": 1705351384312,
      "m": false,
      "M": true
   },
   {
      "a": 313153725,
      "p": "0.53320000",
      "q": "661.60000000",
      "f": 467229654,
      "l": 467229656,
      "T": 1705351385358,
      "m": true,
      "M": true
   },
   {
      "a": 313153726,
      "p": "0.53310000",
      "q": "1597.60000000",
      "f": 467229657,
      "l": 467229658,
      "T": 1705351385598,
      "m": true,
      "M": true
   },
   {
      "a": 313153727,
      "p": "0.53300000",
      "q": "1618.80000000",
      "f": 467229659,
      "l": 467229661,
      "T": 1705351385598,
      "m": true,
      "M": true
   },
   {
      "a": 313153728,
      "p": "0.53310000",
      "q": "42.90000000",
      "f": 467229662,
      "l": 467229662,
      "T": 1705351386170,
      "m": false,
      "M": true
   },
   {
      "a": 313153729,
      "p": "0.53300000",
      "q": "49.70000000",
      "f": 467229663,
      "l": 467229663,
      "T": 1705351387964,
      "m": true,
      "M": true
   },
   {
      "a": 313153730,
      "p": "0.53300000",
      "q": "836.70000000",
      "f": 467229664,
      "l": 467229666,
      "T": 1705351389046,
      "m": true,
      "M": true
   },
   {
      "a": 313153731,
      "p": "0.53290000",
      "q": "12.00000000",
      "f": 467229667,
      "l": 467229667,
      "T": 1705351390557,
      "m": true,
      "M": true
   },
   {
      "a": 313153732,
      "p": "0.53300000",
      "q": "56.00000000",
      "f": 467229668,
      "l": 467229668,
      "T": 1705351391948,
      "m": false,
      "M": true
   },
   {
      "a": 313153733,
      "p": "0.53300000",
      "q": "1596.20000000",
      "f": 467229669,
      "l": 467229673,
      "T": 1705351392789,
      "m": false,
      "M": true
   },
   {
      "a": 313153734,
      "p": "0.53310000",
      "q": "45.70000000",
      "f": 467229674,
      "l": 467229674,
      "T": 1705351393486,
      "m": false,
      "M": true
   },
   {
      "a": 313153735,
      "p": "0.53310000",
      "q": "597.80000000",
      "f": 467229675,
      "l": 467229676,
      "T": 1705351396528,
      "m": false,
      "M": true
   },
   {
      "a": 313153736,
      "p": "0.53320000",
      "q": "117.70000000",
      "f": 467229677,
      "l": 467229677,
      "T": 1705351402081,
      "m": false,
      "M": true
   },
   {
      "a": 313153737,
      "p": "0.53310000",
      "q": "300.00000000",
      "f": 467229678,
      "l": 467229679,
      "T": 1705351402595,
      "m": true,
      "M": true
   },
   {
      "a": 313153738,
      "p": "0.53310000",
      "q": "2000.00000000",
      "f": 467229680,
      "l": 467229681,
      "T": 1705351406230,
      "m": true,
      "M": true
   },
   {
      "a": 313153739,
      "p": "0.53310000",
      "q": "859.70000000",
      "f": 467229682,
      "l": 467229683,
      "T": 1705351406232,
      "m": true,
      "M": true
   },
   {
      "a": 313153740,
      "p": "0.53310000",
      "q": "702.70000000",
      "f": 467229684,
      "l": 467229684,
      "T": 1705351406233,
      "m": true,
      "M": true
   },
   {
      "a": 313153741,
      "p": "0.53300000",
      "q": "41.70000000",
      "f": 467229685,
      "l": 467229685,
      "T": 1705351408744,
      "m": true,
      "M": true
   },
   {
      "a": 313153742,
      "p": "0.53310000",
      "q": "615.80000000",
      "f": 467229686,
      "l": 467229687,
      "T": 1705351411980,
      "m": false,
      "M": true
   },
   {
      "a": 313153743,
      "p": "0.53310000",
      "q": "36.30000000",
      "f": 467229688,
      "l": 467229688,
      "T": 1705351414624,
      "m": true,
      "M": true
   },
   {
      "a": 313153744,
      "p": "0.53320000",
      "q": "597.80000000",
      "f": 467229689,
      "l": 467229691,
      "T": 1705351417183,
      "m": false,
      "M": true
   },
   {
      "a": 313153745,
      "p": "0.53330000",
      "q": "58.10000000",
      "f": 467229692,
      "l": 467229692,
      "T": 1705351422628,
      "m": false,
      "M": true
   },
   {
      "a": 313153746,
      "p": "0.53330000",
      "q": "93.90000000",
      "f": 467229693,
      "l": 467229693,
      "T": 1705351431257,
      "m": false,
      "M": true
   },
   {
      "a": 313153747,
      "p": "0.53320000",
      "q": "387.80000000",
      "f": 467229694,
      "l": 467229694,
      "T": 1705351432166,
      "m": true,
      "M": true
   },
   {
      "a": 313153748,
      "p": "0.53320000",
      "q": "1000.00000000",
      "f": 467229695,
      "l": 467229696,
      "T": 1705351433153,
      "m": true,
      "M": true
   },
   {
      "a": 313153749,
      "p": "0.53330000",
      "q": "117.00000000",
      "f": 467229697,
      "l": 467229698,
      "T": 1705351434931,
      "m": false,
      "M": true
   },
   {
      "a": 313153750,
      "p": "0.53330000",
      "q": "9.30000000",
      "f": 467229699,
      "l": 467229699,
      "T": 1705351442951,
      "m": false,
      "M": true
   },
   {
      "a": 313153751,
      "p": "0.53330000",
      "q": "115.00000000",
      "f": 467229700,
      "l": 467229700,
      "T": 1705351445127,
      "m": false,
      "M": true
   },
   {
      "a": 313153752,
      "p": "0.53330000",
      "q": "20.50000000",
      "f": 467229701,
      "l": 467229701,
      "T": 1705351449676,
      "m": false,
      "M": true
   },
   {
      "a": 313153753,
      "p": "0.53320000",
      "q": "438.00000000",
      "f": 467229702,
      "l": 467229702,
      "T": 1705351460162,
      "m": true,
      "M": true
   },
   {
      "a": 313153754,
      "p": "0.53330000",
      "q": "87.80000000",
      "f": 467229703,
      "l": 467229703,
      "T": 1705351460890,
      "m": false,
      "M": true
   },
   {
      "a": 313153755,
      "p": "0.53320000",
      "q": "71.10000000",
      "f": 467229704,
      "l": 467229704,
      "T": 1705351469221,
      "m": true,
      "M": true
   },
   {
      "a": 313153756,
      "p": "0.53330000",
      "q": "93.70000000",
      "f": 467229705,
      "l": 467229705,
      "T": 1705351471531,
      "m": false,
      "M": true
   },
   {
      "a": 313153757,
      "p": "0.53330000",
      "q": "3007.60000000",
      "f": 467229706,
      "l": 467229708,
      "T": 1705351473382,
      "m": false,
      "M": true
   },
   {
      "a": 313153758,
      "p": "0.53330000",
      "q": "369.80000000",
      "f": 467229709,
      "l": 467229709,
      "T": 1705351473388,
      "m": false,
      "M": true
   },
   {
      "a": 313153759,
      "p": "0.53340000",
      "q": "26.10000000",
      "f": 467229710,
      "l": 467229710,
      "T": 1705351473400,
      "m": false,
      "M": true
   },
   {
      "a": 313153760,
      "p": "0.53340000",
      "q": "222.90000000",
      "f": 467229711,
      "l": 467229711,
      "T": 1705351475776,
      "m": false,
      "M": true
   },
   {
      "a": 313153761,
      "p": "0.53340000",
      "q": "30.20000000",
      "f": 467229712,
      "l": 467229712,
      "T": 1705351483720,
      "m": false,
      "M": true
   },
   {
      "a": 313153762,
      "p": "0.53330000",
      "q": "32.80000000",
      "f": 467229713,
      "l": 467229713,
      "T": 1705351484924,
      "m": true,
      "M": true
   },
   {
      "a": 313153763,
      "p": "0.53340000",
      "q": "98.90000000",
      "f": 467229714,
      "l": 467229714,
      "T": 1705351488562,
      "m": false,
      "M": true
   },
   {
      "a": 313153764,
      "p": "0.53340000",
      "q": "95.10000000",
      "f": 467229715,
      "l": 467229715,
      "T": 1705351494455,
      "m": false,
      "M": true
   },
   {
      "a": 313153765,
      "p": "0.53330000",
      "q": "115.70000000",
      "f": 467229716,
      "l": 467229716,
      "T": 1705351495335,
      "m": true,
      "M": true
   },
   {
      "a": 313153766,
      "p": "0.53330000",
      "q": "1596.20000000",
      "f": 467229717,
      "l": 467229718,
      "T": 1705351504181,
      "m": true,
      "M": true
   },
   {
      "a": 313153767,
      "p": "0.53330000",
      "q": "200.40000000",
      "f": 467229719,
      "l": 467229719,
      "T": 1705351504182,
      "m": true,
      "M": true
   },
   {
      "a": 313153768,
      "p": "0.53330000",
      "q": "940.50000000",
      "f": 467229720,
      "l": 467229720,
      "T": 1705351504186,
      "m": true,
      "M": true
   },
   {
      "a": 313153769,
      "p": "0.53330000",
      "q": "1255.30000000",
      "f": 467229721,
      "l": 467229721,
      "T": 1705351504190,
      "m": true,
      "M": true
   },
   {
      "a": 313153770,
      "p": "0.53330000",
      "q": "1875.10000000",
      "f": 467229722,
      "l": 467229722,
      "T": 1705351504199,
      "m": true,
      "M": true
   },
   {
      "a": 313153771,
      "p": "0.53330000",
      "q": "1643.00000000",
      "f": 467229723,
      "l": 467229723,
      "T": 1705351504206,
      "m": true,
      "M": true
   },
   {
      "a": 313153772,
      "p": "0.53330000",
      "q": "3213.40000000",
      "f": 467229724,
      "l": 467229726,
      "T": 1705351504211,
      "m": true,
      "M": true
   },
   {
      "a": 313153773,
      "p": "0.53320000",
      "q": "468.80000000",
      "f": 467229727,
      "l": 467229727,
      "T": 1705351505546,
      "m": true,
      "M": true
   },
   {
      "a": 313153774,
      "p": "0.53330000",
      "q": "675.90000000",
      "f": 467229728,
      "l": 467229729,
      "T": 1705351512805,
      "m": false,
      "M": true
   },
   {
      "a": 313153775,
      "p": "0.53340000",
      "q": "382.50000000",
      "f": 467229730,
      "l": 467229730,
      "T": 1705351514535,
      "m": false,
      "M": true
   },
   {
      "a": 313153776,
      "p": "0.53340000",
      "q": "470.40000000",
      "f": 467229731,
      "l": 467229731,
      "T": 1705351514712,
      "m": false,
      "M": true
   },
   {
      "a": 313153777,
      "p": "0.53330000",
      "q": "2763.50000000",
      "f": 467229732,
      "l": 467229733,
      "T": 1705351514800,
      "m": true,
      "M": true
   },
   {
      "a": 313153778,
      "p": "0.53330000",
      "q": "127.50000000",
      "f": 467229734,
      "l": 467229734,
      "T": 1705351515900,
      "m": true,
      "M": true
   },
   {
      "a": 313153779,
      "p": "0.53340000",
      "q": "187.40000000",
      "f": 467229735,
      "l": 467229735,
      "T": 1705351518363,
      "m": false,
      "M": true
   },
   {
      "a": 313153780,
      "p": "0.53330000",
      "q": "99.90000000",
      "f": 467229736,
      "l": 467229736,
      "T": 1705351519066,
      "m": true,
      "M": true
   },
   {
      "a": 313153781,
      "p": "0.53330000",
      "q": "150.00000000",
      "f": 467229737,
      "l": 467229737,
      "T": 1705351520757,
      "m": true,
      "M": true
   },
   {
      "a": 313153782,
      "p": "0.53330000",
      "q": "56.20000000",
      "f": 467229738,
      "l": 467229738,
      "T": 1705351520757,
      "m": true,
      "M": true
   },
   {
      "a": 313153783,
      "p": "0.53330000",
      "q": "262.50000000",
      "f": 467229739,
      "l": 467229739,
      "T": 1705351520759,
      "m": true,
      "M": true
   },
   {
      "a": 313153784,
      "p": "0.53330000",
      "q": "429.60000000",
      "f": 467229740,
      "l": 467229740,
      "T": 1705351520760,
      "m": true,
      "M": true
   },
   {
      "a": 313153785,
      "p": "0.53320000",
      "q": "187.50000000",
      "f": 467229741,
      "l": 467229741,
      "T": 1705351522004,
      "m": true,
      "M": true
   },
   {
      "a": 313153786,
      "p": "0.53320000",
      "q": "261.60000000",
      "f": 467229742,
      "l": 467229742,
      "T": 1705351522028,
      "m": true,
      "M": true
   },
   {
      "a": 313153787,
      "p": "0.53310000",
      "q": "890.20000000",
      "f": 467229743,
      "l": 467229743,
      "T": 1705351523171,
      "m": true,
      "M": true
   },
   {
      "a": 313153788,
      "p": "0.53310000",
      "q": "1177.20000000",
      "f": 467229744,
      "l": 467229746,
      "T": 1705351527415,
      "m": true,
      "M": true
   },
   {
      "a": 313153789,
      "p": "0.53320000",
      "q": "11.50000000",
      "f": 467229747,
      "l": 467229747,
      "T": 1705351528480,
      "m": false,
      "M": true
   },
   {
      "a": 313153790,
      "p": "0.53310000",
      "q": "1875.80000000",
      "f": 467229748,
      "l": 467229751,
      "T": 1705351528835,
      "m": true,
      "M": true
   },
   {
      "a": 313153791,
      "p": "0.53310000",
      "q": "61.00000000",
      "f": 467229752,
      "l": 467229752,
      "T": 1705351530039,
      "m": true,
      "M": true
   },
   {
      "a": 313153792,
      "p": "0.53310000",
      "q": "202.70000000",
      "f": 467229753,
      "l": 467229753,
      "T": 1705351535726,
      "m": true,
      "M": true
   },
   {
      "a": 313153793,
      "p": "0.53320000",
      "q": "1524.40000000",
      "f": 467229754,
      "l": 467229755,
      "T": 1705351544856,
      "m": false,
      "M": true
   },
   {
      "a": 313153794,
      "p": "0.53330000",
      "q": "280.60000000",
      "f": 467229756,
      "l": 467229756,
      "T": 1705351545181,
      "m": false,
      "M": true
   },
   {
      "a": 313153795,
      "p": "0.53330000",
      "q": "317.00000000",
      "f": 467229757,
      "l": 467229757,
      "T": 1705351545187,
      "m": false,
      "M": true
   },
   {
      "a": 313153796,
      "p": "0.53340000",
      "q": "21.00000000",
      "f": 467229758,
      "l": 467229758,
      "T": 1705351546043,
      "m": false,
      "M": true
   },
   {
      "a": 313153797,
      "p": "0.53340000",
      "q": "28.80000000",
      "f": 467229759,
      "l": 467229759,
      "T": 1705351553392,
      "m": false,
      "M": true
   },
   {
      "a": 313153798,
      "p": "0.53340000",
      "q": "91.80000000",
      "f": 467229760,
      "l": 467229760,
      "T": 1705351554183,
      "m": false,
      "M": true
   }
]