[
   {
      "id": 961825245,
      "price": "0.26540",
      "qty": "20",
      "quoteQty": "5.30800",
      "time": 1693481385739,
      "isBuyerMaker": true
   },
   {
      "id": 961825246,
      "price": "0.26540",
      "qty": "44",
      "quoteQty": "11.67760",
      "time": 1693481385739,
      "isBuyerMaker": true
   },
   {
      "id": 961825247,
      "price": "0.26540",
      "qty": "75",
      "quoteQty": "19.90500",
      "time": 1693481385739,
      "isBuyerMaker": true
   },
   {
      "id": 961825248,
      "price": "0.26550",
      "qty": "21",
      "quoteQty": "5.57550",
      "time": 1693481386085,
      "isBuyerMaker": false
   },
   {
      "id": 961825249,
      "price": "0.26540",
      "qty": "565",
      "quoteQty": "149.95100",
      "time": 1693481388112,
      "isBuyerMaker": true
   },
   {
      "id": 961825250,
      "price": "0.26540",
      "qty": "420",
      "quoteQty": "111.46800",
      "time": 1693481389067,
      "isBuyerMaker": true
   },
   {
      "id": 961825251,
      "price": "0.26540",
      "qty": "82",
      "quoteQty": "21.76280",
      "time": 1693481390250,
      "isBuyerMaker": true
   },
   {
      "id": 961825252,
      "price": "0.26540",
      "qty": "85",
      "quoteQty": "22.55900",
      "time": 1693481390250,
      "isBuyerMaker": true
   },
   {
      "id": 961825253,
      "price": "0.26540",
      "qty": "140",
      "quoteQty": "37.15600",
      "time": 1693481390250,
      "isBuyerMaker": true
   },
   {
      "id": 961825254,
      "price": "0.26540",
      "qty": "132",
      "quoteQty": "35.03280",
      "time": 1693481390250,
      "isBuyerMaker": true
   },
   {
      "id": 961825255,
      "price": "0.26540",
      "qty": "132",
      "quoteQty": "35.03280",
      "time": 1693481390250,
      "isBuyerMaker": true
   },
   {
      "id": 961825256,
      "price": "0.26540",
      "qty": "21",
      "quoteQty": "5.57340",
      "time": 1693481390250,
      "isBuyerMaker": true
   },
   {
      "id": 961825257,
      "price": "0.26540",
      "qty": "421",
      "quoteQty": "111.73340",
      "time": 1693481390250,
      "isBuyerMaker": true
   },
   {
      "id": 961825258,
      "price": "0.26540",
      "qty": "754",
      "quoteQty": "200.11160",
      "time": 1693481390250,
      "isBuyerMaker": true
   },
   {
      "id": 961825259,
      "price": "0.26540",
      "qty": "682",
      "quoteQty": "181.00280",
      "time": 1693481390250,
      "isBuyerMaker": true
   },
   {
      "id": 961825260,
      "price": "0.26550",
      "qty": "24",
      "quoteQty": "6.37200",
      "time": 1693481391009,
      "isBuyerMaker": false
   },
   {
      "id": 961825261,
      "price": "0.26550",
      "qty": "6854",
      "quoteQty": "1819.73700",
      "time": 1693481391989,
      "isBuyerMaker": false
   },
   {
      "id": 961825262,
      "price": "0.26540",
      "qty": "17616",
      "quoteQty": "4675.28640",
      "time": 1693481395053,
      "isBuyerMaker": true
   },
   {
      "id": 961825263,
      "price": "0.26540",
      "qty": "40",
      "quoteQty": "10.61600",
      "time": 1693481395053,
      "isBuyerMaker": true
   },
   {
      "id": 961825264,
      "price": "0.26540",
      "qty": "40",
      "quoteQty": "10.61600",
      "time": 1693481395053,
      "isBuyerMaker": true
   },
   {
      "id": 961825265,
      "price": "0.26540",
      "qty": "143",
      "quoteQty": "37.95220",
      "time": 1693481395053,
      "isBuyerMaker": true
   },
   {
      "id": 961825266,
      "price": "0.26540",
      "qty": "4754",
      "quoteQty": "1261.71160",
      "time": 1693481395053,
      "isBuyerMaker": true
   },
   {
      "id": 961825267,
      "price": "0.26540",
      "qty": "964",
      "quoteQty": "255.84560",
      "time": 1693481398539,
      "isBuyerMaker": true
   },
   {
      "id": 961825268,
      "price": "0.26540",
      "qty": "144",
      "quoteQty": "38.21760",
      "time": 1693481398539,
      "isBuyerMaker": true
   },
   {
      "id": 961825269,
      "price": "0.26540",
      "qty": "4892",
      "quoteQty": "1298.33680",
      "time": 1693481398539,
      "isBuyerMaker": true
   },
   {
      "id": 961825270,
      "price": "0.26540",
      "qty": "193",
      "quoteQty": "51.22220",
      "time": 1693481399526,
      "isBuyerMaker": true
   },
   {
      "id": 961825271,
      "price": "0.26550",
      "qty": "376",
      "quoteQty": "99.82800",
      "time": 1693481399731,
      "isBuyerMaker": false
   },
   {
      "id": 961825272,
      "price": "0.26540",
      "qty": "252",
      "quoteQty": "66.88080",
      "time": 1693481400177,
      "isBuyerMaker": true
   },
   {
      "id": 961825273,
      "price": "0.26550",
      "qty": "917",
      "quoteQty": "243.46350",
      "time": 1693481400338,
      "isBuyerMaker": false
   },
   {
      "id": 961825274,
      "price": "0.26550",
      "qty": "592",
      "quoteQty": "157.17600",
      "time": 1693481400338,
      "isBuyerMaker": false
   },
   {
      "id": 961825275,
      "price": "0.26550",
      "qty": "115",
      "quoteQty": "30.53250",
      "time": 1693481400346,
      "isBuyerMaker": false
   },
   {
      "id": 961825276,
      "price": "0.26550",
      "qty": "878",
      "quoteQty": "233.10900",
      "time": 1693481400346,
      "isBuyerMaker": false
   },
   {
      "id": 961825277,
      "price": "0.26550",
      "qty": "190",
      "quoteQty": "50.44500",
      "time": 1693481400346,
      "isBuyerMaker": false
   },
   {
      "id": 961825278,
      "price": "0.26550",
      "qty": "190",
      "quoteQty": "50.44500",
      "time": 1693481400346,
      "isBuyerMaker": false
   },
   {
      "id": 961825279,
      "price": "0.26550",
      "qty": "94",
      "quoteQty": "24.95700",
      "time": 1693481400346,
      "isBuyerMaker": false
   },
   {
      "id": 961825280,
      "price": "0.26550",
      "qty": "96",
      "quoteQty": "25.48800",
      "time": 1693481400348,
      "isBuyerMaker": false
   },
   {
      "id": 961825281,
      "price": "0.26550",
      "qty": "1000",
      "quoteQty": "265.50000",
      "time": 1693481400348,
      "isBuyerMaker": false
   },
   {
      "id": 961825282,
      "price": "0.26550",
      "qty": "37",
      "quoteQty": "9.82350",
      "time": 1693481400348,
      "isBuyerMaker": false
   },
   {
      "id": 961825283,
      "price": "0.26550",
      "qty": "2247",
      "quoteQty": "596.57850",
      "time": 1693481400348,
      "isBuyerMaker": false
   },
   {
      "id": 961825284,
      "price": "0.26550",
      "qty": "57",
      "quoteQty": "15.13350",
      "time": 1693481400465,
      "isBuyerMaker": false
   },
   {
      "id": 961825285,
      "price": "0.26550",
      "qty": "1501",
      "quoteQty": "398.51550",
      "time": 1693481401241,
      "isBuyerMaker": false
   },
   {
      "id": 961825286,
      "price": "0.26550",
      "qty": "35530",
      "quoteQty": "9433.21500",
      "time": 1693481401241,
      "isBuyerMaker": false
   },
   {
      "id": 961825287,
      "price": "0.26540",
      "qty": "226",
      "quoteQty": "59.98040",
      "time": 1693481403321,
      "isBuyerMaker": true
   },
   {
      "id": 961825288,
      "price": "0.26540",
      "qty": "226",
      "quoteQty": "59.98040",
      "time": 1693481403417,
      "isBuyerMaker": true
   },
   {
      "id": 961825289,
      "price": "0.26550",
      "qty": "714",
      "quoteQty": "189.56700",
      "time": 1693481403637,
      "isBuyerMaker": false
   },
   {
      "id": 961825290,
      "price": "0.26550",
      "qty": "5927",
      "quoteQty": "1573.61850",
      "time": 1693481403637,
      "isBuyerMaker": false
   },
   {
      "id": 961825291,
      "price": "0.26550",
      "qty": "1529",
      "quoteQty": "405.94950",
      "time": 1693481403637,
      "isBuyerMaker": false
   },
   {
      "id": 961825292,
      "price": "0.26550",
      "qty": "509",
      "quoteQty": "135.13950",
      "time": 1693481403637,
      "isBuyerMaker": false
   },
   {
      "id": 961825293,
      "price": "0.26550",
      "qty": "40",
      "quoteQty": "10.62000",
      "time": 1693481403637,
      "isBuyerMaker": false
   },
   {
      "id": 961825294,
      "price": "0.26550",
      "qty": "131",
      "quoteQty": "34.78050",
      "time": 1693481403637,
      "isBuyerMaker": false
   },
   {
      "id": 961825295,
      "price": "0.26550",
      "qty": "6216",
      "quoteQty": "1650.34800",
      "time": 1693481403637,
      "isBuyerMaker": false
   },
   {
      "id": 961825296,
      "price": "0.26550",
      "qty": "37",
      "quoteQty": "9.82350",
      "time": 1693481403834,
      "isBuyerMaker": false
   },
   {
      "id": 961825297,
      "price": "0.26540",
      "qty": "212",
      "quoteQty": "56.26480",
      "time": 1693481403886,
      "isBuyerMaker": true
   },
   {
      "id": 961825298,
      "price": "0.26550",
      "qty": "19",
      "quoteQty": "5.04450",
      "time": 1693481404097,
      "isBuyerMaker": false
   },
   {
      "id": 961825299,
      "price": "0.26550",
      "qty": "19",
      "quoteQty": "5.04450",
      "time": 1693481404097,
      "isBuyerMaker": false
   },
   {
      "id": 961825300,
      "price": "0.26550",
      "qty": "19",
      "quoteQty": "5.04450",
      "time": 1693481404098,
      "isBuyerMaker": false
   },
   {
      "id": 961825301,
      "price": "0.26550",
      "qty": "19",
      "quoteQty": "5.04450",
      "time": 1693481404098,
      "isBuyerMaker": false
   },
   {
      "id": 961825302,
      "price": "0.26550",
      "qty": "19",
      "quoteQty": "5.04450",
      "time": 1693481404098,
      "isBuyerMaker": false
   },
   {
      "id": 961825303,
      "price": "0.26550",
      "qty": "19",
      "quoteQty": "5.04450",
      "time": 1693481404098,
      "isBuyerMaker": false
   },
   {
      "id": 961825304,
      "price": "0.26550",
      "qty": "19",
      "quoteQty": "5.04450",
      "time": 1693481404098,
      "isBuyerMaker": false
   },
   {
      "id": 961825305,
      "price": "0.26550",
      "qty": "19",
      "quoteQty": "5.04450",
      "time": 1693481404098,
      "isBuyerMaker": false
   },
   {
      "id": 961825306,
      "price": "0.26550",
      "qty": "19",
      "quoteQty": "5.04450",
      "time": 1693481404105,
      "isBuyerMaker": false
   },
   {
      "id": 961825307,
      "price": "0.26550",
      "qty": "25",
      "quoteQty": "6.63750",
      "time": 1693481404105,
      "isBuyerMaker": false
   },
   {
      "id": 961825308,
      "price": "0.26550",
      "qty": "19",
      "quoteQty": "5.04450",
      "time": 1693481404105,
      "isBuyerMaker": false
   },
   {
      "id": 961825309,
      "price": "0.26550",
      "qty": "99",
      "quoteQty": "26.28450",
      "time": 1693481404488,
      "isBuyerMaker": false
   },
   {
      "id": 961825310,
      "price": "0.26550",
      "qty": "1604",
      "quoteQty": "425.86200",
      "time": 1693481404728,
      "isBuyerMaker": false
   },
   {
      "id": 961825311,
      "price": "0.26550",
      "qty": "250",
      "quoteQty": "66.37500",
      "time": 1693481405535,
      "isBuyerMaker": false
   },
   {
      "id": 961825312,
      "price": "0.26550",
      "qty": "126",
      "quoteQty": "33.45300",
      "time": 1693481405535,
      "isBuyerMaker": false
   },
   {
      "id": 961825313,
      "price": "0.26550",
      "qty": "60",
      "quoteQty": "15.93000",
      "time": 1693481405669,
      "isBuyerMaker": false
   },
   {
      "id": 961825314,
      "price": "0.26540",
      "qty": "6676",
      "quoteQty": "1771.81040",
      "time": 1693481405935,
      "isBuyerMaker": true
   },
   {
      "id": 961825315,
      "price": "0.26540",
      "qty": "5621",
      "quoteQty": "1491.81340",
      "time": 1693481405963,
      "isBuyerMaker": true
   },
   {
      "id": 961825316,
      "price": "0.26540",
      "qty": "6000",
      "quoteQty": "1592.40000",
      "time": 1693481405963,
      "isBuyerMaker": true
   },
   {
      "id": 961825317,
      "price": "0.26540",
      "qty": "40",
      "quoteQty": "10.61600",
      "time": 1693481405963,
      "isBuyerMaker": true
   },
   {
      "id": 961825318,
      "price": "0.26540",
      "qty": "10000",
      "quoteQty": "2654.00000",
      "time": 1693481405963,
      "isBuyerMaker": true
   },
   {
      "id": 961825319,
      "price": "0.26540",
      "qty": "178",
      "quoteQty": "47.24120",
      "time": 1693481405963,
      "isBuyerMaker": true
   },
   {
      "id": 961825320,
      "price": "0.26540",
      "qty": "878",
      "quoteQty": "233.02120",
      "time": 1693481405963,
      "isBuyerMaker": true
   },
   {
      "id": 961825321,
      "price": "0.26540",
      "qty": "2042",
      "quoteQty": "541.94680",
      "time": 1693481405963,
      "isBuyerMaker": true
   },
   {
      "id": 961825322,
      "price": "0.26540",
      "qty": "55",
      "quoteQty": "14.59700",
      "time": 1693481405963,
      "isBuyerMaker": true
   },
   {
      "id": 961825323,
      "price": "0.26540",
      "qty": "1679",
      "quoteQty": "445.60660",
      "time": 1693481405963,
      "isBuyerMaker": true
   },
   {
      "id": 961825324,
      "price": "0.26540",
      "qty": "759",
      "quoteQty": "201.43860",
      "time": 1693481405964,
      "isBuyerMaker": true
   },
   {
      "id": 961825325,
      "price": "0.26540",
      "qty": "170",
      "quoteQty": "45.11800",
      "time": 1693481408244,
      "isBuyerMaker": true
   },
   {
      "id": 961825326,
      "price": "0.26550",
      "qty": "120",
      "quoteQty": "31.86000",
      "time": 1693481408619,
      "isBuyerMaker": false
   },
   {
      "id": 961825327,
      "price": "0.26550",
      "qty": "1130",
      "quoteQty": "300.01500",
      "time": 1693481409079,
      "isBuyerMaker": false
   },
   {
      "id": 961825328,
      "price": "0.26550",
      "qty": "330",
      "quoteQty": "87.61500",
      "time": 1693481410181,
      "isBuyerMaker": false
   },
   {
      "id": 961825329,
      "price": "0.26550",
      "qty": "5651",
      "quoteQty": "1500.34050",
      "time": 1693481410181,
      "isBuyerMaker": false
   },
   {
      "id": 961825330,
      "price": "0.26550",
      "qty": "6028",
      "quoteQty": "1600.43400",
      "time": 1693481410181,
      "isBuyerMaker": false
   },
   {
      "id": 961825331,
      "price": "0.26550",
      "qty": "6028",
      "quoteQty": "1600.43400",
      "time": 1693481410181,
      "isBuyerMaker": false
   },
   {
      "id": 961825332,
      "price": "0.26550",
      "qty": "9161",
      "quoteQty": "2432.24550",
      "time": 1693481410181,
      "isBuyerMaker": false
   },
   {
      "id": 961825333,
      "price": "0.26550",
      "qty": "241",
      "quoteQty": "63.98550",
      "time": 1693481410181,
      "isBuyerMaker": false
   },
   {
      "id": 961825334,
      "price": "0.26550",
      "qty": "1398",
      "quoteQty": "371.16900",
      "time": 1693481410181,
      "isBuyerMaker": false
   },
   {
      "id": 961825335,
      "price": "0.26550",
      "qty": "17259",
      "quoteQty": "4582.26450",
      "time": 1693481410181,
      "isBuyerMaker": false
   },
   {
      "id": 961825336,
      "price": "0.26550",
      "qty": "53",
      "quoteQty": "14.07150",
      "time": 1693481410181,
      "isBuyerMaker": false
   },
   {
      "id": 961825337,
      "price": "0.26550",
      "qty": "18928",
      "quoteQty": "5025.38400",
      "time": 1693481410181,
      "isBuyerMaker": false
   },
   {
      "id": 961825338,
      "price": "0.26550",
      "qty": "128",
      "quoteQty": "33.98400",
      "time": 1693481410181,
      "isBuyerMaker": false
   },
   {
      "id": 961825339,
      "price": "0.26550",
      "qty": "464",
      "quoteQty": "123.19200",
      "time": 1693481410181,
      "isBuyerMaker": false
   },
   {
      "id": 961825340,
      "price": "0.26550",
      "qty": "129",
      "quoteQty": "34.24950",
      "time": 1693481410181,
      "isBuyerMaker": false
   },
   {
      "id": 961825341,
      "price": "0.26550",
      "qty": "37",
      "quoteQty": "9.82350",
      "time": 1693481410181,
      "isBuyerMaker": false
   },
   {
      "id": 961825342,
      "price": "0.26550",
      "qty": "2317",
      "quoteQty": "615.16350",
      "time": 1693481410181,
      "isBuyerMaker": false
   },
   {
      "id": 961825343,
      "price": "0.26550",
      "qty": "40",
      "quoteQty": "10.62000",
      "time": 1693481410181,
      "isBuyerMaker": false
   },
   {
      "id": 961825344,
      "price": "0.26550",
      "qty": "6000",
      "quoteQty": "1593.00000",
      "time": 1693481410182,
      "isBuyerMaker": false
   },
   {
      "id": 961825345,
      "price": "0.26550",
      "qty": "878",
      "quoteQty": "233.10900",
      "time": 1693481410182,
      "isBuyerMaker": false
   },
   {
      "id": 961825346,
      "price": "0.26550",
      "qty": "20",
      "quoteQty": "5.31000",
      "time": 1693481410182,
      "isBuyerMaker": false
   },
   {
      "id": 961825347,
      "price": "0.26550",
      "qty": "255",
      "quoteQty": "67.70250",
      "time": 1693481410182,
      "isBuyerMaker": false
   },
   {
      "id": 961825348,
      "price": "0.26550",
      "qty": "1545",
      "quoteQty": "410.19750",
      "time": 1693481410182,
      "isBuyerMaker": false
   },
   {
      "id": 961825349,
      "price": "0.26550",
      "qty": "444",
      "quoteQty": "117.88200",
      "time": 1693481410182,
      "isBuyerMaker": false
   },
   {
      "id": 961825350,
      "price": "0.26550",
      "qty": "615",
      "quoteQty": "163.28250",
      "time": 1693481410182,
      "isBuyerMaker": false
   },
   {
      "id": 961825351,
      "price": "0.26550",
      "qty": "380",
      "quoteQty": "100.89000",
      "time": 1693481410182,
      "isBuyerMaker": false
   },
   {
      "id": 961825352,
      "price": "0.26550",
      "qty": "18929",
      "quoteQty": "5025.64950",
      "time": 1693481410190,
      "isBuyerMaker": true
   },
   {
      "id": 961825353,
      "price": "0.26550",
      "qty": "56572",
      "quoteQty": "15019.86600",
      "time": 1693481410192,
      "isBuyerMaker": true
   },
   {
      "id": 961825354,
      "price": "0.26550",
      "qty": "15426",
      "quoteQty": "4095.60300",
      "time": 1693481410193,
      "isBuyerMaker": true
   },
   {
      "id": 961825355,
      "price": "0.26560",
      "qty": "77",
      "quoteQty": "20.45120",
      "time": 1693481411013,
      "isBuyerMaker": false
   },
   {
      "id": 961825356,
      "price": "0.26550",
      "qty": "131",
      "quoteQty": "34.78050",
      "time": 1693481411289,
      "isBuyerMaker": true
   },
   {
      "id": 961825357,
      "price": "0.26550",
      "qty": "26",
      "quoteQty": "6.90300",
      "time": 1693481411293,
      "isBuyerMaker": true
   },
   {
      "id": 961825358,
      "price": "0.26560",
      "qty": "755",
      "quoteQty": "200.52800",
      "time": 1693481413341,
      "isBuyerMaker": false
   },
   {
      "id": 961825359,
      "price": "0.26550",
      "qty": "18265",
      "quoteQty": "4849.35750",
      "time": 1693481413542,
      "isBuyerMaker": true
   },
   {
      "id": 961825360,
      "price": "0.26550",
      "qty": "25",
      "quoteQty": "6.63750",
      "time": 1693481414293,
      "isBuyerMaker": true
   },
   {
      "id": 961825361,
      "price": "0.26560",
      "qty": "230",
      "quoteQty": "61.08800",
      "time": 1693481414310,
      "isBuyerMaker": false
   },
   {
      "id": 961825362,
      "price": "0.26560",
      "qty": "158",
      "quoteQty": "41.96480",
      "time": 1693481415266,
      "isBuyerMaker": false
   },
   {
      "id": 961825363,
      "price": "0.26560",
      "qty": "477",
      "quoteQty": "126.69120",
      "time": 1693481418333,
      "isBuyerMaker": false
   },
   {
      "id": 961825364,
      "price": "0.26550",
      "qty": "119",
      "quoteQty": "31.59450",
      "time": 1693481418388,
      "isBuyerMaker": true
   },
   {
      "id": 961825365,
      "price": "0.26550",
      "qty": "4981",
      "quoteQty": "1322.45550",
      "time": 1693481420164,
      "isBuyerMaker": true
   },
   {
      "id": 961825366,
      "price": "0.26550",
      "qty": "22",
      "quoteQty": "5.84100",
      "time": 1693481420164,
      "isBuyerMaker": true
   },
   {
      "id": 961825367,
      "price": "0.26550",
      "qty": "40",
      "quoteQty": "10.62000",
      "time": 1693481420164,
      "isBuyerMaker": true
   },
   {
      "id": 961825368,
      "price": "0.26550",
      "qty": "46",
      "quoteQty": "12.21300",
      "time": 1693481420164,
      "isBuyerMaker": true
   },
   {
      "id": 961825369,
      "price": "0.26550",
      "qty": "46",
      "quoteQty": "12.21300",
      "time": 1693481420164,
      "isBuyerMaker": true
   },
   {
      "id": 961825370,
      "price": "0.26550",
      "qty": "141",
      "quoteQty": "37.43550",
      "time": 1693481420164,
      "isBuyerMaker": true
   },
   {
      "id": 961825371,
      "price": "0.26550",
      "qty": "132",
      "quoteQty": "35.04600",
      "time": 1693481420164,
      "isBuyerMaker": true
   },
   {
      "id": 961825372,
      "price": "0.26550",
      "qty": "147",
      "quoteQty": "39.02850",
      "time": 1693481420164,
      "isBuyerMaker": true
   },
   {
      "id": 961825373,
      "price": "0.26550",
      "qty": "96",
      "quoteQty": "25.48800",
      "time": 1693481420164,
      "isBuyerMaker": true
   },
   {
      "id": 961825374,
      "price": "0.26550",
      "qty": "376",
      "quoteQty": "99.82800",
      "time": 1693481420164,
      "isBuyerMaker": true
   },
   {
      "id": 961825375,
      "price": "0.26550",
      "qty": "69",
      "quoteQty": "18.31950",
      "time": 1693481420164,
      "isBuyerMaker": true
   },
   {
      "id": 961825376,
      "price": "0.26550",
      "qty": "132",
      "quoteQty": "35.04600",
      "time": 1693481420164,
      "isBuyerMaker": true
   },
   {
      "id": 961825377,
      "price": "0.26550",
      "qty": "147",
      "quoteQty": "39.02850",
      "time": 1693481420164,
      "isBuyerMaker": true
   },
   {
      "id": 961825378,
      "price": "0.26550",
      "qty": "149",
      "quoteQty": "39.55950",
      "time": 1693481420164,
      "isBuyerMaker": true
   },
   {
      "id": 961825379,
      "price": "0.26550",
      "qty": "475",
      "quoteQty": "126.11250",
      "time": 1693481420164,
      "isBuyerMaker": true
   },
   {
      "id": 961825380,
      "price": "0.26550",
      "qty": "141",
      "quoteQty": "37.43550",
      "time": 1693481420164,
      "isBuyerMaker": true
   },
   {
      "id": 961825381,
      "price": "0.26550",
      "qty": "24",
      "quoteQty": "6.37200",
      "time": 1693481420164,
      "isBuyerMaker": true
   },
   {
      "id": 961825382,
      "price": "0.26550",
      "qty": "829",
      "quoteQty": "220.09950",
      "time": 1693481420164,
      "isBuyerMaker": true
   },
   {
      "id": 961825383,
      "price": "0.26550",
      "qty": "18298",
      "quoteQty": "4858.11900",
      "time": 1693481420164,
      "isBuyerMaker": true
   },
   {
      "id": 961825384,
      "price": "0.26550",
      "qty": "6000",
      "quoteQty": "1593.00000",
      "time": 1693481420164,
      "isBuyerMaker": true
   },
   {
      "id": 961825385,
      "price": "0.26550",
      "qty": "682",
      "quoteQty": "181.07100",
      "time": 1693481420164,
      "isBuyerMaker": true
   },
   {
      "id": 961825386,
      "price": "0.26540",
      "qty": "50",
      "quoteQty": "13.27000",
      "time": 1693481420165,
      "isBuyerMaker": true
   },
   {
      "id": 961825387,
      "price": "0.26550",
      "qty": "889",
      "quoteQty": "236.02950",
      "time": 1693481421690,
      "isBuyerMaker": false
   },
   {
      "id": 961825388,
      "price": "0.26550",
      "qty": "3975",
      "quoteQty": "1055.36250",
      "time": 1693481422366,
      "isBuyerMaker": false
   },
   {
      "id": 961825389,
      "price": "0.26550",
      "qty": "30",
      "quoteQty": "7.96500",
      "time": 1693481423041,
      "isBuyerMaker": false
   },
   {
      "id": 961825390,
      "price": "0.26550",
      "qty": "399",
      "quoteQty": "105.93450",
      "time": 1693481423425,
      "isBuyerMaker": false
   },
   {
      "id": 961825391,
      "price": "0.26550",
      "qty": "3773",
      "quoteQty": "1001.73150",
      "time": 1693481423425,
      "isBuyerMaker": false
   },
   {
      "id": 961825392,
      "price": "0.26550",
      "qty": "6717",
      "quoteQty": "1783.36350",
      "time": 1693481423425,
      "isBuyerMaker": false
   },
   {
      "id": 961825393,
      "price": "0.26550",
      "qty": "18910",
      "quoteQty": "5020.60500",
      "time": 1693481423425,
      "isBuyerMaker": false
   },
   {
      "id": 961825394,
      "price": "0.26550",
      "qty": "10174",
      "quoteQty": "2701.19700",
      "time": 1693481423425,
      "isBuyerMaker": false
   },
   {
      "id": 961825395,
      "price": "0.26550",
      "qty": "26242",
      "quoteQty": "6967.25100",
      "time": 1693481423425,
      "isBuyerMaker": false
   },
   {
      "id": 961825396,
      "price": "0.26550",
      "qty": "559",
      "quoteQty": "148.41450",
      "time": 1693481423425,
      "isBuyerMaker": false
   },
   {
      "id": 961825397,
      "price": "0.26550",
      "qty": "1679",
      "quoteQty": "445.77450",
      "time": 1693481423425,
      "isBuyerMaker": false
   },
   {
      "id": 961825398,
      "price": "0.26550",
      "qty": "18776",
      "quoteQty": "4985.02800",
      "time": 1693481423425,
      "isBuyerMaker": false
   },
   {
      "id": 961825399,
      "price": "0.26550",
      "qty": "1255",
      "quoteQty": "333.20250",
      "time": 1693481423425,
      "isBuyerMaker": false
   },
   {
      "id": 961825400,
      "price": "0.26550",
      "qty": "12313",
      "quoteQty": "3269.10150",
      "time": 1693481423425,
      "isBuyerMaker": false
   },
   {
      "id": 961825401,
      "price": "0.26550",
      "qty": "6630",
      "quoteQty": "1760.26500",
      "time": 1693481423425,
      "isBuyerMaker": false
   },
   {
      "id": 961825402,
      "price": "0.26550",
      "qty": "2042",
      "quoteQty": "542.15100",
      "time": 1693481423425,
      "isBuyerMaker": false
   },
   {
      "id": 961825403,
      "price": "0.26550",
      "qty": "1679",
      "quoteQty": "445.77450",
      "time": 1693481423425,
      "isBuyerMaker": false
   },
   {
      "id": 961825404,
      "price": "0.26550",
      "qty": "4754",
      "quoteQty": "1262.18700",
      "time": 1693481423425,
      "isBuyerMaker": false
   },
   {
      "id": 961825405,
      "price": "0.26550",
      "qty": "1555",
      "quoteQty": "412.85250",
      "time": 1693481423425,
      "isBuyerMaker": false
   },
   {
      "id": 961825406,
      "price": "0.26550",
      "qty": "16743",
      "quoteQty": "4445.26650",
      "time": 1693481423425,
      "isBuyerMaker": false
   },
   {
      "id": 961825407,
      "price": "0.26550",
      "qty": "968",
      "quoteQty": "257.00400",
      "time": 1693481423425,
      "isBuyerMaker": false
   },
   {
      "id": 961825408,
      "price": "0.26550",
      "qty": "10000",
      "quoteQty": "2655.00000",
      "time": 1693481423425,
      "isBuyerMaker": false
   },
   {
      "id": 961825409,
      "price": "0.26550",
      "qty": "40",
      "quoteQty": "10.62000",
      "time": 1693481423425,
      "isBuyerMaker": false
   },
   {
      "id": 961825410,
      "price": "0.26550",
      "qty": "210",
      "quoteQty": "55.75500",
      "time": 1693481423425,
      "isBuyerMaker": false
   },
   {
      "id": 961825411,
      "price": "0.26550",
      "qty": "515",
      "quoteQty": "136.73250",
      "time": 1693481423425,
      "isBuyerMaker": false
   },
   {
      "id": 961825412,
      "price": "0.26550",
      "qty": "2000",
      "quoteQty": "531.00000",
      "time": 1693481423425,
      "isBuyerMaker": false
   },
   {
      "id": 961825413,
      "price": "0.26550",
      "qty": "29931",
      "quoteQty": "7946.68050",
      "time": 1693481423425,
      "isBuyerMaker": false
   },
   {
      "id": 961825414,
      "price": "0.26550",
      "qty": "6484",
      "quoteQty": "1721.50200",
      "time": 1693481423425,
      "isBuyerMaker": false
   },
   {
      "id": 961825415,
      "price": "0.26550",
      "qty": "183",
      "quoteQty": "48.58650",
      "time": 1693481423425,
      "isBuyerMaker": false
   },
   {
      "id": 961825416,
      "price": "0.26550",
      "qty": "754",
      "quoteQty": "200.18700",
      "time": 1693481423425,
      "isBuyerMaker": false
   },
   {
      "id": 961825417,
      "price": "0.26550",
      "qty": "500",
      "quoteQty": "132.75000",
      "time": 1693481423425,
      "isBuyerMaker": false
   },
   {
      "id": 961825418,
      "price": "0.26550",
      "qty": "1600",
      "quoteQty": "424.80000",
      "time": 1693481423425,
      "isBuyerMaker": false
   },
   {
      "id": 961825419,
      "price": "0.26550",
      "qty": "3200",
      "quoteQty": "849.60000",
      "time": 1693481423425,
      "isBuyerMaker": false
   },
   {
      "id": 961825420,
      "price": "0.26550",
      "qty": "376",
      "quoteQty": "99.82800",
      "time": 1693481423425,
      "isBuyerMaker": false
   },
   {
      "id": 961825421,
      "price": "0.26550",
      "qty": "376",
      "quoteQty": "99.82800",
      "time": 1693481423425,
      "isBuyerMaker": false
   },
   {
      "id": 961825422,
      "price": "0.26550",
      "qty": "131",
      "quoteQty": "34.78050",
      "time": 1693481423425,
      "isBuyerMaker": false
   },
   {
      "id": 961825423,
      "price": "0.26560",
      "qty": "6399",
      "quoteQty": "1699.57440",
      "time": 1693481423425,
      "isBuyerMaker": false
   },
   {
      "id": 961825424,
      "price": "0.26560",
      "qty": "10202",
      "quoteQty": "2709.65120",
      "time": 1693481423425,
      "isBuyerMaker": false
   },
   {
      "id": 961825425,
      "price": "0.26560",
      "qty": "27946",
      "quoteQty": "7422.45760",
      "time": 1693481423425,
      "isBuyerMaker": false
   },
   {
      "id": 961825426,
      "price": "0.26560",
      "qty": "23",
      "quoteQty": "6.10880",
      "time": 1693481423425,
      "isBuyerMaker": false
   },
   {
      "id": 961825427,
      "price": "0.26560",
      "qty": "83",
      "quoteQty": "22.04480",
      "time": 1693481423425,
      "isBuyerMaker": false
   },
   {
      "id": 961825428,
      "price": "0.26560",
      "qty": "100",
      "quoteQty": "26.56000",
      "time": 1693481423425,
      "isBuyerMaker": false
   },
   {
      "id": 961825429,
      "price": "0.26560",
      "qty": "3765",
      "quoteQty": "999.98400",
      "time": 1693481423425,
      "isBuyerMaker": false
   },
   {
      "id": 961825430,
      "price": "0.26560",
      "qty": "10000",
      "quoteQty": "2656.00000",
      "time": 1693481423425,
      "isBuyerMaker": false
   },
   {
      "id": 961825431,
      "price": "0.26560",
      "qty": "12241",
      "quoteQty": "3251.20960",
      "time": 1693481423425,
      "isBuyerMaker": false
   },
   {
      "id": 961825432,
      "price": "0.26560",
      "qty": "10558",
      "quoteQty": "2804.20480",
      "time": 1693481423425,
      "isBuyerMaker": false
   },
   {
      "id": 961825433,
      "price": "0.26560",
      "qty": "22",
      "quoteQty": "5.84320",
      "time": 1693481423425,
      "isBuyerMaker": false
   },
   {
      "id": 961825434,
      "price": "0.26560",
      "qty": "23",
      "quoteQty": "6.10880",
      "time": 1693481423425,
      "isBuyerMaker": false
   },
   {
      "id": 961825435,
      "price": "0.26560",
      "qty": "84",
      "quoteQty": "22.31040",
      "time": 1693481423425,
      "isBuyerMaker": false
   },
   {
      "id": 961825436,
      "price": "0.26560",
      "qty": "190",
      "quoteQty": "50.46400",
      "time": 1693481423425,
      "isBuyerMaker": false
   },
   {
      "id": 961825437,
      "price": "0.26560",
      "qty": "190",
      "quoteQty": "50.46400",
      "time": 1693481423425,
      "isBuyerMaker": false
   },
   {
      "id": 961825438,
      "price": "0.26560",
      "qty": "134",
      "quoteQty": "35.59040",
      "time": 1693481423425,
      "isBuyerMaker": false
   },
   {
      "id": 961825439,
      "price": "0.26560",
      "qty": "35",
      "quoteQty": "9.29600",
      "time": 1693481423425,
      "isBuyerMaker": false
   },
   {
      "id": 961825440,
      "price": "0.26560",
      "qty": "37",
      "quoteQty": "9.82720",
      "time": 1693481423425,
      "isBuyerMaker": false
   },
   {
      "id": 961825441,
      "price": "0.26560",
      "qty": "38219",
      "quoteQty": "10150.96640",
      "time": 1693481423425,
      "isBuyerMaker": false
   },
   {
      "id": 961825442,
      "price": "0.26560",
      "qty": "28781",
      "quoteQty": "7644.23360",
      "time": 1693481423431,
      "isBuyerMaker": false
   },
   {
      "id": 961825443,
      "price": "0.26560",
      "qty": "90639",
      "quoteQty": "24073.71840",
      "time": 1693481423431,
      "isBuyerMaker": false
   },
   {
      "id": 961825444,
      "price": "0.26560",
      "qty": "3852",
      "quoteQty": "1023.09120",
      "time": 1693481423431,
      "isBuyerMaker": false
   },
   {
      "id": 961825445,
      "price": "0.26560",
      "qty": "382",
      "quoteQty": "101.45920",
      "time": 1693481423431,
      "isBuyerMaker": false
   },
   {
      "id": 961825446,
      "price": "0.26560",
      "qty": "3765",
      "quoteQty": "999.98400",
      "time": 1693481423431,
      "isBuyerMaker": false
   },
   {
      "id": 961825447,
      "price": "0.26560",
      "qty": "20",
      "quoteQty": "5.31200",
      "time": 1693481423431,
      "isBuyerMaker": false
   },
   {
      "id": 961825448,
      "price": "0.26560",
      "qty": "878",
      "quoteQty": "233.19680",
      "time": 1693481423431,
      "isBuyerMaker": false
   },
   {
      "id": 961825449,
      "price": "0.26560",
      "qty": "500",
      "quoteQty": "132.80000",
      "time": 1693481423431,
      "isBuyerMaker": false
   },
   {
      "id": 961825450,
      "price": "0.26560",
      "qty": "2175",
      "quoteQty": "577.68000",
      "time": 1693481423431,
      "isBuyerMaker": false
   },
   {
      "id": 961825451,
      "price": "0.26560",
      "qty": "1588",
      "quoteQty": "421.77280",
      "time": 1693481423431,
      "isBuyerMaker": false
   },
   {
      "id": 961825452,
      "price": "0.26560",
      "qty": "40",
      "quoteQty": "10.62400",
      "time": 1693481423431,
      "isBuyerMaker": false
   },
   {
      "id": 961825453,
      "price": "0.26560",
      "qty": "758",
      "quoteQty": "201.32480",
      "time": 1693481423431,
      "isBuyerMaker": false
   },
   {
      "id": 961825454,
      "price": "0.26560",
      "qty": "1336",
      "quoteQty": "354.84160",
      "time": 1693481423431,
      "isBuyerMaker": false
   },
   {
      "id": 961825455,
      "price": "0.26560",
      "qty": "163",
      "quoteQty": "43.29280",
      "time": 1693481423431,
      "isBuyerMaker": false
   },
   {
      "id": 961825456,
      "price": "0.26560",
      "qty": "6484",
      "quoteQty": "1722.15040",
      "time": 1693481423431,
      "isBuyerMaker": false
   },
   {
      "id": 961825457,
      "price": "0.26560",
      "qty": "1129",
      "quoteQty": "299.86240",
      "time": 1693481423431,
      "isBuyerMaker": false
   },
   {
      "id": 961825458,
      "price": "0.26560",
      "qty": "143",
      "quoteQty": "37.98080",
      "time": 1693481423431,
      "isBuyerMaker": false
   },
   {
      "id": 961825459,
      "price": "0.26550",
      "qty": "6034",
      "quoteQty": "1602.02700",
      "time": 1693481423439,
      "isBuyerMaker": true
   },
   {
      "id": 961825460,
      "price": "0.26550",
      "qty": "145",
      "quoteQty": "38.49750",
      "time": 1693481423741,
      "isBuyerMaker": true
   },
   {
      "id": 961825461,
      "price": "0.26560",
      "qty": "25",
      "quoteQty": "6.64000",
      "time": 1693481426767,
      "isBuyerMaker": false
   },
   {
      "id": 961825462,
      "price": "0.26550",
      "qty": "9450",
      "quoteQty": "2508.97500",
      "time": 1693481428019,
      "isBuyerMaker": true
   },
   {
      "id": 961825463,
      "price": "0.26550",
      "qty": "415",
      "quoteQty": "110.18250",
      "time": 1693481428019,
      "isBuyerMaker": true
   },
   {
      "id": 961825464,
      "price": "0.26560",
      "qty": "74",
      "quoteQty": "19.65440",
      "time": 1693481429075,
      "isBuyerMaker": false
   },
   {
      "id": 961825465,
      "price": "0.26560",
      "qty": "622",
      "quoteQty": "165.20320",
      "time": 1693481429172,
      "isBuyerMaker": false
   },
   {
      "id": 961825466,
      "price": "0.26550",
      "qty": "10198",
      "quoteQty": "2707.56900",
      "time": 1693481432433,
      "isBuyerMaker": true
   },
   {
      "id": 961825467,
      "price": "0.26550",
      "qty": "18776",
      "quoteQty": "4985.02800",
      "time": 1693481432433,
      "isBuyerMaker": true
   },
   {
      "id": 961825468,
      "price": "0.26550",
      "qty": "18695",
      "quoteQty": "4963.52250",
      "time": 1693481432433,
      "isBuyerMaker": true
   },
   {
      "id": 961825469,
      "price": "0.26550",
      "qty": "5100",
      "quoteQty": "1354.05000",
      "time": 1693481432433,
      "isBuyerMaker": true
   },
   {
      "id": 961825470,
      "price": "0.26550",
      "qty": "1255",
      "quoteQty": "333.20250",
      "time": 1693481432433,
      "isBuyerMaker": true
   },
   {
      "id": 961825471,
      "price": "0.26550",
      "qty": "4294",
      "quoteQty": "1140.05700",
      "time": 1693481432433,
      "isBuyerMaker": true
   },
   {
      "id": 961825472,
      "price": "0.26550",
      "qty": "334",
      "quoteQty": "88.67700",
      "time": 1693481432446,
      "isBuyerMaker": true
   },
   {
      "id": 961825473,
      "price": "0.26560",
      "qty": "21",
      "quoteQty": "5.57760",
      "time": 1693481432593,
      "isBuyerMaker": false
   },
   {
      "id": 961825474,
      "price": "0.26550",
      "qty": "833",
      "quoteQty": "221.16150",
      "time": 1693481433846,
      "isBuyerMaker": true
   },
   {
      "id": 961825475,
      "price": "0.26550",
      "qty": "40",
      "quoteQty": "10.62000",
      "time": 1693481435127,
      "isBuyerMaker": true
   },
   {
      "id": 961825476,
      "price": "0.26550",
      "qty": "27",
      "quoteQty": "7.16850",
      "time": 1693481435127,
      "isBuyerMaker": true
   },
   {
      "id": 961825477,
      "price": "0.26560",
      "qty": "8844",
      "quoteQty": "2348.96640",
      "time": 1693481435924,
      "isBuyerMaker": false
   },
   {
      "id": 961825478,
      "price": "0.26560",
      "qty": "7346",
      "quoteQty": "1951.09760",
      "time": 1693481435924,
      "isBuyerMaker": false
   },
   {
      "id": 961825479,
      "price": "0.26560",
      "qty": "3673",
      "quoteQty": "975.54880",
      "time": 1693481435924,
      "isBuyerMaker": false
   },
   {
      "id": 961825480,
      "price": "0.26560",
      "qty": "3531",
      "quoteQty": "937.83360",
      "time": 1693481435924,
      "isBuyerMaker": false
   },
   {
      "id": 961825481,
      "price": "0.26560",
      "qty": "7346",
      "quoteQty": "1951.09760",
      "time": 1693481435924,
      "isBuyerMaker": false
   },
   {
      "id": 961825482,
      "price": "0.26560",
      "qty": "10000",
      "quoteQty": "2656.00000",
      "time": 1693481435924,
      "isBuyerMaker": false
   },
   {
      "id": 961825483,
      "price": "0.26560",
      "qty": "500",
      "quoteQty": "132.80000",
      "time": 1693481435924,
      "isBuyerMaker": false
   },
   {
      "id": 961825484,
      "price": "0.26560",
      "qty": "40",
      "quoteQty": "10.62400",
      "time": 1693481435924,
      "isBuyerMaker": false
   },
   {
      "id": 961825485,
      "price": "0.26560",
      "qty": "2245",
      "quoteQty": "596.27200",
      "time": 1693481435924,
      "isBuyerMaker": false
   },
   {
      "id": 961825486,
      "price": "0.26550",
      "qty": "24",
      "quoteQty": "6.37200",
      "time": 1693481436940,
      "isBuyerMaker": true
   },
   {
      "id": 961825487,
      "price": "0.26550",
      "qty": "5949",
      "quoteQty": "1579.45950",
      "time": 1693481437685,
      "isBuyerMaker": true
   },
   {
      "id": 961825488,
      "price": "0.26550",
      "qty": "12918",
      "quoteQty": "3429.72900",
      "time": 1693481437685,
      "isBuyerMaker": true
   },
   {
      "id": 961825489,
      "price": "0.26550",
      "qty": "101",
      "quoteQty": "26.81550",
      "time": 1693481438797,
      "isBuyerMaker": true
   },
   {
      "id": 961825490,
      "price": "0.26560",
      "qty": "74",
      "quoteQty": "19.65440",
      "time": 1693481439320,
      "isBuyerMaker": false
   },
   {
      "id": 961825491,
      "price": "0.26550",
      "qty": "90",
      "quoteQty": "23.89500",
      "time": 1693481440475,
      "isBuyerMaker": true
   },
   {
      "id": 961825492,
      "price": "0.26560",
      "qty": "3681",
      "quoteQty": "977.67360",
      "time": 1693481440762,
      "isBuyerMaker": false
   },
   {
      "id": 961825493,
      "price": "0.26560",
      "qty": "7577",
      "quoteQty": "2012.45120",
      "time": 1693481440762,
      "isBuyerMaker": false
   },
   {
      "id": 961825494,
      "price": "0.26560",
      "qty": "36416",
      "quoteQty": "9672.08960",
      "time": 1693481440762,
      "isBuyerMaker": false
   },
   {
      "id": 961825495,
      "price": "0.26560",
      "qty": "949",
      "quoteQty": "252.05440",
      "time": 1693481440762,
      "isBuyerMaker": false
   },
   {
      "id": 961825496,
      "price": "0.26560",
      "qty": "20",
      "quoteQty": "5.31200",
      "time": 1693481440762,
      "isBuyerMaker": false
   },
   {
      "id": 961825497,
      "price": "0.26560",
      "qty": "18298",
      "quoteQty": "4859.94880",
      "time": 1693481440762,
      "isBuyerMaker": false
   },
   {
      "id": 961825498,
      "price": "0.26560",
      "qty": "5778",
      "quoteQty": "1534.63680",
      "time": 1693481440762,
      "isBuyerMaker": false
   },
   {
      "id": 961825499,
      "price": "0.26560",
      "qty": "252",
      "quoteQty": "66.93120",
      "time": 1693481440762,
      "isBuyerMaker": false
   },
   {
      "id": 961825500,
      "price": "0.26560",
      "qty": "1130",
      "quoteQty": "300.12800",
      "time": 1693481440762,
      "isBuyerMaker": false
   },
   {
      "id": 961825501,
      "price": "0.26560",
      "qty": "1130",
      "quoteQty": "300.12800",
      "time": 1693481440762,
      "isBuyerMaker": false
   },
   {
      "id": 961825502,
      "price": "0.26560",
      "qty": "1130",
      "quoteQty": "300.12800",
      "time": 1693481440762,
      "isBuyerMaker": false
   },
   {
      "id": 961825503,
      "price": "0.26560",
      "qty": "1130",
      "quoteQty": "300.12800",
      "time": 1693481440762,
      "isBuyerMaker": false
   },
   {
      "id": 961825504,
      "price": "0.26560",
      "qty": "1131",
      "quoteQty": "300.39360",
      "time": 1693481440762,
      "isBuyerMaker": false
   },
   {
      "id": 961825505,
      "price": "0.26560",
      "qty": "1131",
      "quoteQty": "300.39360",
      "time": 1693481440762,
      "isBuyerMaker": false
   },
   {
      "id": 961825506,
      "price": "0.26560",
      "qty": "3000",
      "quoteQty": "796.80000",
      "time": 1693481440762,
      "isBuyerMaker": false
   },
   {
      "id": 961825507,
      "price": "0.26560",
      "qty": "1130",
      "quoteQty": "300.12800",
      "time": 1693481440762,
      "isBuyerMaker": false
   },
   {
      "id": 961825508,
      "price": "0.26560",
      "qty": "1131",
      "quoteQty": "300.39360",
      "time": 1693481440762,
      "isBuyerMaker": false
   },
   {
      "id": 961825509,
      "price": "0.26560",
      "qty": "1131",
      "quoteQty": "300.39360",
      "time": 1693481440762,
      "isBuyerMaker": false
   },
   {
      "id": 961825510,
      "price": "0.26560",
      "qty": "1130",
      "quoteQty": "300.12800",
      "time": 1693481440762,
      "isBuyerMaker": false
   },
   {
      "id": 961825511,
      "price": "0.26560",
      "qty": "89",
      "quoteQty": "23.63840",
      "time": 1693481440762,
      "isBuyerMaker": false
   },
   {
      "id": 961825512,
      "price": "0.26560",
      "qty": "73",
      "quoteQty": "19.38880",
      "time": 1693481440762,
      "isBuyerMaker": false
   },
   {
      "id": 961825513,
      "price": "0.26560",
      "qty": "317",
      "quoteQty": "84.19520",
      "time": 1693481440762,
      "isBuyerMaker": false
   },
   {
      "id": 961825514,
      "price": "0.26560",
      "qty": "376",
      "quoteQty": "99.86560",
      "time": 1693481440762,
      "isBuyerMaker": false
   },
   {
      "id": 961825515,
      "price": "0.26560",
      "qty": "59",
      "quoteQty": "15.67040",
      "time": 1693481440762,
      "isBuyerMaker": false
   },
   {
      "id": 961825516,
      "price": "0.26560",
      "qty": "376",
      "quoteQty": "99.86560",
      "time": 1693481440762,
      "isBuyerMaker": false
   },
   {
      "id": 961825517,
      "price": "0.26560",
      "qty": "376",
      "quoteQty": "99.86560",
      "time": 1693481440762,
      "isBuyerMaker": false
   },
   {
      "id": 961825518,
      "price": "0.26560",
      "qty": "2587",
      "quoteQty": "687.10720",
      "time": 1693481440762,
      "isBuyerMaker": false
   },
   {
      "id": 961825519,
      "price": "0.26560",
      "qty": "500",
      "quoteQty": "132.80000",
      "time": 1693481440762,
      "isBuyerMaker": false
   },
   {
      "id": 961825520,
      "price": "0.26560",
      "qty": "10000",
      "quoteQty": "2656.00000",
      "time": 1693481440762,
      "isBuyerMaker": false
   },
   {
      "id": 961825521,
      "price": "0.26560",
      "qty": "40",
      "quoteQty": "10.62400",
      "time": 1693481440762,
      "isBuyerMaker": false
   },
   {
      "id": 961825522,
      "price": "0.26560",
      "qty": "20",
      "quoteQty": "5.31200",
      "time": 1693481440762,
      "isBuyerMaker": false
   },
   {
      "id": 961825523,
      "price": "0.26560",
      "qty": "917",
      "quoteQty": "243.55520",
      "time": 1693481440763,
      "isBuyerMaker": false
   },
   {
      "id": 961825524,
      "price": "0.26560",
      "qty": "757",
      "quoteQty": "201.05920",
      "time": 1693481440763,
      "isBuyerMaker": false
   },
   {
      "id": 961825525,
      "price": "0.26560",
      "qty": "154",
      "quoteQty": "40.90240",
      "time": 1693481440763,
      "isBuyerMaker": false
   },
   {
      "id": 961825526,
      "price": "0.26560",
      "qty": "100",
      "quoteQty": "26.56000",
      "time": 1693481440763,
      "isBuyerMaker": false
   },
   {
      "id": 961825527,
      "price": "0.26560",
      "qty": "737",
      "quoteQty": "195.74720",
      "time": 1693481440763,
      "isBuyerMaker": false
   },
   {
      "id": 961825528,
      "price": "0.26560",
      "qty": "188",
      "quoteQty": "49.93280",
      "time": 1693481440763,
      "isBuyerMaker": false
   },
   {
      "id": 961825529,
      "price": "0.26560",
      "qty": "2262",
      "quoteQty": "600.78720",
      "time": 1693481440763,
      "isBuyerMaker": false
   },
   {
      "id": 961825530,
      "price": "0.26560",
      "qty": "96",
      "quoteQty": "25.49760",
      "time": 1693481440763,
      "isBuyerMaker": false
   },
   {
      "id": 961825531,
      "price": "0.26560",
      "qty": "158",
      "quoteQty": "41.96480",
      "time": 1693481440763,
      "isBuyerMaker": false
   },
   {
      "id": 961825532,
      "price": "0.26560",
      "qty": "415",
      "quoteQty": "110.22400",
      "time": 1693481440763,
      "isBuyerMaker": false
   },
   {
      "id": 961825533,
      "price": "0.26570",
      "qty": "29240",
      "quoteQty": "7769.06800",
      "time": 1693481440763,
      "isBuyerMaker": false
   },
   {
      "id": 961825534,
      "price": "0.26570",
      "qty": "18910",
      "quoteQty": "5024.38700",
      "time": 1693481440763,
      "isBuyerMaker": false
   },
   {
      "id": 961825535,
      "price": "0.26570",
      "qty": "10866",
      "quoteQty": "2887.09620",
      "time": 1693481440763,
      "isBuyerMaker": false
   },
   {
      "id": 961825536,
      "price": "0.26570",
      "qty": "18298",
      "quoteQty": "4861.77860",
      "time": 1693481440763,
      "isBuyerMaker": false
   },
   {
      "id": 961825537,
      "price": "0.26570",
      "qty": "21710",
      "quoteQty": "5768.34700",
      "time": 1693481440763,
      "isBuyerMaker": false
   },
   {
      "id": 961825538,
      "price": "0.26570",
      "qty": "19982",
      "quoteQty": "5309.21740",
      "time": 1693481440763,
      "isBuyerMaker": false
   },
   {
      "id": 961825539,
      "price": "0.26560",
      "qty": "34",
      "quoteQty": "9.03040",
      "time": 1693481440763,
      "isBuyerMaker": true
   },
   {
      "id": 961825540,
      "price": "0.26560",
      "qty": "283",
      "quoteQty": "75.16480",
      "time": 1693481440846,
      "isBuyerMaker": true
   },
   {
      "id": 961825541,
      "price": "0.26560",
      "qty": "156",
      "quoteQty": "41.43360",
      "time": 1693481441303,
      "isBuyerMaker": true
   },
   {
      "id": 961825542,
      "price": "0.26560",
      "qty": "568",
      "quoteQty": "150.86080",
      "time": 1693481442831,
      "isBuyerMaker": true
   },
   {
      "id": 961825543,
      "price": "0.26560",
      "qty": "13897",
      "quoteQty": "3691.04320",
      "time": 1693481443104,
      "isBuyerMaker": true
   },
   {
      "id": 961825544,
      "price": "0.26560",
      "qty": "13004",
      "quoteQty": "3453.86240",
      "time": 1693481443104,
      "isBuyerMaker": true
   },
   {
      "id": 961825545,
      "price": "0.26560",
      "qty": "1107",
      "quoteQty": "294.01920",
      "time": 1693481443104,
      "isBuyerMaker": true
   },
   {
      "id": 961825546,
      "price": "0.26560",
      "qty": "986",
      "quoteQty": "261.88160",
      "time": 1693481443104,
      "isBuyerMaker": true
   },
   {
      "id": 961825547,
      "price": "0.26560",
      "qty": "28254",
      "quoteQty": "7504.26240",
      "time": 1693481443104,
      "isBuyerMaker": true
   },
   {
      "id": 961825548,
      "price": "0.26560",
      "qty": "1317",
      "quoteQty": "349.79520",
      "time": 1693481443104,
      "isBuyerMaker": true
   },
   {
      "id": 961825549,
      "price": "0.26560",
      "qty": "17378",
      "quoteQty": "4615.59680",
      "time": 1693481443123,
      "isBuyerMaker": true
   },
   {
      "id": 961825550,
      "price": "0.26560",
      "qty": "550",
      "quoteQty": "146.08000",
      "time": 1693481443123,
      "isBuyerMaker": true
   },
   {
      "id": 961825551,
      "price": "0.26560",
      "qty": "339",
      "quoteQty": "90.03840",
      "time": 1693481443123,
      "isBuyerMaker": true
   },
   {
      "id": 961825552,
      "price": "0.26560",
      "qty": "40",
      "quoteQty": "10.62400",
      "time": 1693481443123,
      "isBuyerMaker": true
   },
   {
      "id": 961825553,
      "price": "0.26560",
      "qty": "7852",
      "quoteQty": "2085.49120",
      "time": 1693481443123,
      "isBuyerMaker": true
   },
   {
      "id": 961825554,
      "price": "0.26560",
      "qty": "42984",
      "quoteQty": "11416.55040",
      "time": 1693481443123,
      "isBuyerMaker": true
   },
   {
      "id": 961825555,
      "price": "0.26560",
      "qty": "6025",
      "quoteQty": "1600.24000",
      "time": 1693481443135,
      "isBuyerMaker": true
   },
   {
      "id": 961825556,
      "price": "0.26560",
      "qty": "812",
      "quoteQty": "215.66720",
      "time": 1693481443141,
      "isBuyerMaker": true
   },
   {
      "id": 961825557,
      "price": "0.26560",
      "qty": "166",
      "quoteQty": "44.08960",
      "time": 1693481443141,
      "isBuyerMaker": true
   },
   {
      "id": 961825558,
      "price": "0.26560",
      "qty": "20409",
      "quoteQty": "5420.63040",
      "time": 1693481443141,
      "isBuyerMaker": true
   },
   {
      "id": 961825559,
      "price": "0.26560",
      "qty": "161",
      "quoteQty": "42.76160",
      "time": 1693481443141,
      "isBuyerMaker": true
   },
   {
      "id": 961825560,
      "price": "0.26560",
      "qty": "60",
      "quoteQty": "15.93600",
      "time": 1693481443141,
      "isBuyerMaker": true
   },
   {
      "id": 961825561,
      "price": "0.26560",
      "qty": "404",
      "quoteQty": "107.30240",
      "time": 1693481443141,
      "isBuyerMaker": true
   },
   {
      "id": 961825562,
      "price": "0.26550",
      "qty": "91",
      "quoteQty": "24.16050",
      "time": 1693481443152,
      "isBuyerMaker": true
   },
   {
      "id": 961825563,
      "price": "0.26550",
      "qty": "346",
      "quoteQty": "91.86300",
      "time": 1693481443152,
      "isBuyerMaker": true
   },
   {
      "id": 961825564,
      "price": "0.26550",
      "qty": "151",
      "quoteQty": "40.09050",
      "time": 1693481443159,
      "isBuyerMaker": true
   },
   {
      "id": 961825565,
      "price": "0.26550",
      "qty": "225",
      "quoteQty": "59.73750",
      "time": 1693481443161,
      "isBuyerMaker": true
   },
   {
      "id": 961825566,
      "price": "0.26560",
      "qty": "832",
      "quoteQty": "220.97920",
      "time": 1693481445583,
      "isBuyerMaker": false
   },
   {
      "id": 961825567,
      "price": "0.26550",
      "qty": "65",
      "quoteQty": "17.25750",
      "time": 1693481446836,
      "isBuyerMaker": true
   },
   {
      "id": 961825568,
      "price": "0.26550",
      "qty": "101",
      "quoteQty": "26.81550",
      "time": 1693481446836,
      "isBuyerMaker": true
   },
   {
      "id": 961825569,
      "price": "0.26560",
      "qty": "74",
      "quoteQty": "19.65440",
      "time": 1693481449572,
      "isBuyerMaker": false
   },
   {
      "id": 961825570,
      "price": "0.26550",
      "qty": "31",
      "quoteQty": "8.23050",
      "time": 1693481450443,
      "isBuyerMaker": true
   },
   {
      "id": 961825571,
      "price": "0.26550",
      "qty": "39",
      "quoteQty": "10.35450",
      "time": 1693481450443,
      "isBuyerMaker": true
   },
   {
      "id": 961825572,
      "price": "0.26550",
      "qty": "108",
      "quoteQty": "28.67400",
      "time": 1693481454810,
      "isBuyerMaker": true
   },
   {
      "id": 961825573,
      "price": "0.26550",
      "qty": "146",
      "quoteQty": "38.76300",
      "time": 1693481454810,
      "isBuyerMaker": true
   },
   {
      "id": 961825574,
      "price": "0.26550",
      "qty": "97",
      "quoteQty": "25.75350",
      "time": 1693481454810,
      "isBuyerMaker": true
   },
   {
      "id": 961825575,
      "price": "0.26550",
      "qty": "132",
      "quoteQty": "35.04600",
      "time": 1693481454810,
      "isBuyerMaker": true
   },
   {
      "id": 961825576,
      "price": "0.26550",
      "qty": "148",
      "quoteQty": "39.29400",
      "time": 1693481454810,
      "isBuyerMaker": true
   },
   {
      "id": 961825577,
      "price": "0.26550",
      "qty": "21",
      "quoteQty": "5.57550",
      "time": 1693481454810,
      "isBuyerMaker": true
   },
   {
      "id": 961825578,
      "price": "0.26550",
      "qty": "40",
      "quoteQty": "10.62000",
      "time": 1693481454810,
      "isBuyerMaker": true
   },
   {
      "id": 961825579,
      "price": "0.26550",
      "qty": "148",
      "quoteQty": "39.29400",
      "time": 1693481454810,
      "isBuyerMaker": true
   },
   {
      "id": 961825580,
      "price": "0.26550",
      "qty": "1043",
      "quoteQty": "276.91650",
      "time": 1693481454810,
      "isBuyerMaker": true
   },
   {
      "id": 961825581,
      "price": "0.26550",
      "qty": "110",
      "quoteQty": "29.20500",
      "time": 1693481454922,
      "isBuyerMaker": true
   },
   {
      "id": 961825582,
      "price": "0.26550",
      "qty": "374",
      "quoteQty": "99.29700",
      "time": 1693481455068,
      "isBuyerMaker": true
   },
   {
      "id": 961825583,
      "price": "0.26550",
      "qty": "1883",
      "quoteQty": "499.93650",
      "time": 1693481459727,
      "isBuyerMaker": true
   },
   {
      "id": 961825584,
      "price": "0.26560",
      "qty": "74",
      "quoteQty": "19.65440",
      "time": 1693481459792,
      "isBuyerMaker": false
   },
   {
      "id": 961825585,
      "price": "0.26550",
      "qty": "863",
      "quoteQty": "229.12650",
      "time": 1693481460175,
      "isBuyerMaker": true
   },
   {
      "id": 961825586,
      "price": "0.26550",
      "qty": "656",
      "quoteQty": "174.16800",
      "time": 1693481462081,
      "isBuyerMaker": true
   },
   {
      "id": 961825587,
      "price": "0.26550",
      "qty": "1071",
      "quoteQty": "284.35050",
      "time": 1693481462095,
      "isBuyerMaker": true
   },
   {
      "id": 961825588,
      "price": "0.26550",
      "qty": "132",
      "quoteQty": "35.04600",
      "time": 1693481462095,
      "isBuyerMaker": true
   },
   {
      "id": 961825589,
      "price": "0.26550",
      "qty": "132",
      "quoteQty": "35.04600",
      "time": 1693481462095,
      "isBuyerMaker": true
   },
   {
      "id": 961825590,
      "price": "0.26550",
      "qty": "96",
      "quoteQty": "25.48800",
      "time": 1693481462095,
      "isBuyerMaker": true
   },
   {
      "id": 961825591,
      "price": "0.26550",
      "qty": "46",
      "quoteQty": "12.21300",
      "time": 1693481462095,
      "isBuyerMaker": true
   },
   {
      "id": 961825592,
      "price": "0.26550",
      "qty": "1961",
      "quoteQty": "520.64550",
      "time": 1693481462095,
      "isBuyerMaker": true
   },
   {
      "id": 961825593,
      "price": "0.26550",
      "qty": "56",
      "quoteQty": "14.86800",
      "time": 1693481462095,
      "isBuyerMaker": true
   },
   {
      "id": 961825594,
      "price": "0.26550",
      "qty": "1239",
      "quoteQty": "328.95450",
      "time": 1693481462095,
      "isBuyerMaker": true
   },
   {
      "id": 961825595,
      "price": "0.26550",
      "qty": "3763",
      "quoteQty": "999.07650",
      "time": 1693481462095,
      "isBuyerMaker": true
   },
   {
      "id": 961825596,
      "price": "0.26550",
      "qty": "45",
      "quoteQty": "11.94750",
      "time": 1693481462095,
      "isBuyerMaker": true
   },
   {
      "id": 961825597,
      "price": "0.26550",
      "qty": "18012",
      "quoteQty": "4782.18600",
      "time": 1693481462095,
      "isBuyerMaker": true
   },
   {
      "id": 961825598,
      "price": "0.26550",
      "qty": "11500",
      "quoteQty": "3053.25000",
      "time": 1693481462095,
      "isBuyerMaker": true
   },
   {
      "id": 961825599,
      "price": "0.26550",
      "qty": "51",
      "quoteQty": "13.54050",
      "time": 1693481462095,
      "isBuyerMaker": true
   },
   {
      "id": 961825600,
      "price": "0.26550",
      "qty": "132",
      "quoteQty": "35.04600",
      "time": 1693481462095,
      "isBuyerMaker": true
   },
   {
      "id": 961825601,
      "price": "0.26550",
      "qty": "393",
      "quoteQty": "104.34150",
      "time": 1693481462095,
      "isBuyerMaker": true
   },
   {
      "id": 961825602,
      "price": "0.26550",
      "qty": "132",
      "quoteQty": "35.04600",
      "time": 1693481462095,
      "isBuyerMaker": true
   },
   {
      "id": 961825603,
      "price": "0.26550",
      "qty": "18298",
      "quoteQty": "4858.11900",
      "time": 1693481462095,
      "isBuyerMaker": true
   },
   {
      "id": 961825604,
      "price": "0.26550",
      "qty": "818",
      "quoteQty": "217.17900",
      "time": 1693481462095,
      "isBuyerMaker": true
   },
   {
      "id": 961825605,
      "price": "0.26550",
      "qty": "25",
      "quoteQty": "6.63750",
      "time": 1693481462095,
      "isBuyerMaker": true
   },
   {
      "id": 961825606,
      "price": "0.26550",
      "qty": "132",
      "quoteQty": "35.04600",
      "time": 1693481462095,
      "isBuyerMaker": true
   },
   {
      "id": 961825607,
      "price": "0.26550",
      "qty": "132",
      "quoteQty": "35.04600",
      "time": 1693481462095,
      "isBuyerMaker": true
   },
   {
      "id": 961825608,
      "price": "0.26550",
      "qty": "96",
      "quoteQty": "25.48800",
      "time": 1693481462095,
      "isBuyerMaker": true
   },
   {
      "id": 961825609,
      "price": "0.26550",
      "qty": "132",
      "quoteQty": "35.04600",
      "time": 1693481462095,
      "isBuyerMaker": true
   },
   {
      "id": 961825610,
      "price": "0.26550",
      "qty": "132",
      "quoteQty": "35.04600",
      "time": 1693481462095,
      "isBuyerMaker": true
   },
   {
      "id": 961825611,
      "price": "0.26550",
      "qty": "132",
      "quoteQty": "35.04600",
      "time": 1693481462095,
      "isBuyerMaker": true
   },
   {
      "id": 961825612,
      "price": "0.26550",
      "qty": "40",
      "quoteQty": "10.62000",
      "time": 1693481462095,
      "isBuyerMaker": true
   },
   {
      "id": 961825613,
      "price": "0.26550",
      "qty": "20",
      "quoteQty": "5.31000",
      "time": 1693481462095,
      "isBuyerMaker": true
   },
   {
      "id": 961825614,
      "price": "0.26550",
      "qty": "132",
      "quoteQty": "35.04600",
      "time": 1693481462095,
      "isBuyerMaker": true
   },
   {
      "id": 961825615,
      "price": "0.26550",
      "qty": "132",
      "quoteQty": "35.04600",
      "time": 1693481462095,
      "isBuyerMaker": true
   },
   {
      "id": 961825616,
      "price": "0.26550",
      "qty": "74",
      "quoteQty": "19.64700",
      "time": 1693481462095,
      "isBuyerMaker": true
   },
   {
      "id": 961825617,
      "price": "0.26550",
      "qty": "96",
      "quoteQty": "25.48800",
      "time": 1693481462095,
      "isBuyerMaker": true
   },
   {
      "id": 961825618,
      "price": "0.26550",
      "qty": "4478",
      "quoteQty": "1188.90900",
      "time": 1693481462095,
      "isBuyerMaker": true
   },
   {
      "id": 961825619,
      "price": "0.26550",
      "qty": "27",
      "quoteQty": "7.16850",
      "time": 1693481462095,
      "isBuyerMaker": true
   },
   {
      "id": 961825620,
      "price": "0.26540",
      "qty": "911",
      "quoteQty": "241.77940",
      "time": 1693481462147,
      "isBuyerMaker": true
   },
   {
      "id": 961825621,
      "price": "0.26540",
      "qty": "201",
      "quoteQty": "53.34540",
      "time": 1693481462147,
      "isBuyerMaker": true
   },
   {
      "id": 961825622,
      "price": "0.26540",
      "qty": "1888",
      "quoteQty": "501.07520",
      "time": 1693481463122,
      "isBuyerMaker": true
   },
   {
      "id": 961825623,
      "price": "0.26540",
      "qty": "500",
      "quoteQty": "132.70000",
      "time": 1693481463455,
      "isBuyerMaker": true
   },
   {
      "id": 961825624,
      "price": "0.26540",
      "qty": "6",
      "quoteQty": "1.59240",
      "time": 1693481463628,
      "isBuyerMaker": true
   },
   {
      "id": 961825625,
      "price": "0.26540",
      "qty": "20",
      "quoteQty": "5.30800",
      "time": 1693481463628,
      "isBuyerMaker": true
   },
   {
      "id": 961825626,
      "price": "0.26550",
      "qty": "22",
      "quoteQty": "5.84100",
      "time": 1693481470048,
      "isBuyerMaker": false
   },
   {
      "id": 961825627,
      "price": "0.26540",
      "qty": "128",
      "quoteQty": "33.97120",
      "time": 1693481477055,
      "isBuyerMaker": true
   },
   {
      "id": 961825628,
      "price": "0.26540",
      "qty": "298",
      "quoteQty": "79.08920",
      "time": 1693481477055,
      "isBuyerMaker": true
   },
   {
      "id": 961825629,
      "price": "0.26540",
      "qty": "19",
      "quoteQty": "5.04260",
      "time": 1693481477987,
      "isBuyerMaker": true
   },
   {
      "id": 961825630,
      "price": "0.26550",
      "qty": "1233",
      "quoteQty": "327.36150",
      "time": 1693481478379,
      "isBuyerMaker": false
   },
   {
      "id": 961825631,
      "price": "0.26550",
      "qty": "483",
      "quoteQty": "128.23650",
      "time": 1693481478379,
      "isBuyerMaker": false
   },
   {
      "id": 961825632,
      "price": "0.26550",
      "qty": "74",
      "quoteQty": "19.64700",
      "time": 1693481479970,
      "isBuyerMaker": false
   },
   {
      "id": 961825633,
      "price": "0.26540",
      "qty": "2928",
      "quoteQty": "777.09120",
      "time": 1693481484026,
      "isBuyerMaker": true
   },
   {
      "id": 961825634,
      "price": "0.26550",
      "qty": "30",
      "quoteQty": "7.96500",
      "time": 1693481484043,
      "isBuyerMaker": false
   },
   {
      "id": 961825635,
      "price": "0.26540",
      "qty": "2755",
      "quoteQty": "731.17700",
      "time": 1693481484049,
      "isBuyerMaker": true
   },
   {
      "id": 961825636,
      "price": "0.26540",
      "qty": "40",
      "quoteQty": "10.61600",
      "time": 1693481484049,
      "isBuyerMaker": true
   },
   {
      "id": 961825637,
      "price": "0.26540",
      "qty": "89",
      "quoteQty": "23.62060",
      "time": 1693481484049,
      "isBuyerMaker": true
   },
   {
      "id": 961825638,
      "price": "0.26540",
      "qty": "114",
      "quoteQty": "30.25560",
      "time": 1693481484049,
      "isBuyerMaker": true
   },
   {
      "id": 961825639,
      "price": "0.26540",
      "qty": "4248",
      "quoteQty": "1127.41920",
      "time": 1693481484049,
      "isBuyerMaker": true
   },
   {
      "id": 961825640,
      "price": "0.26540",
      "qty": "7274",
      "quoteQty": "1930.51960",
      "time": 1693481484636,
      "isBuyerMaker": true
   },
   {
      "id": 961825641,
      "price": "0.26540",
      "qty": "132",
      "quoteQty": "35.03280",
      "time": 1693481484636,
      "isBuyerMaker": true
   },
   {
      "id": 961825642,
      "price": "0.26540",
      "qty": "147",
      "quoteQty": "39.01380",
      "time": 1693481484636,
      "isBuyerMaker": true
   },
   {
      "id": 961825643,
      "price": "0.26540",
      "qty": "140",
      "quoteQty": "37.15600",
      "time": 1693481484636,
      "isBuyerMaker": true
   },
   {
      "id": 961825644,
      "price": "0.26540",
      "qty": "628",
      "quoteQty": "166.67120",
      "time": 1693481484636,
      "isBuyerMaker": true
   },
   {
      "id": 961825645,
      "price": "0.26550",
      "qty": "15099",
      "quoteQty": "4008.78450",
      "time": 1693481486408,
      "isBuyerMaker": false
   },
   {
      "id": 961825646,
      "price": "0.26540",
      "qty": "96",
      "quoteQty": "25.47840",
      "time": 1693481488451,
      "isBuyerMaker": true
   },
   {
      "id": 961825647,
      "price": "0.26540",
      "qty": "132",
      "quoteQty": "35.03280",
      "time": 1693481488451,
      "isBuyerMaker": true
   },
   {
      "id": 961825648,
      "price": "0.26540",
      "qty": "23",
      "quoteQty": "6.10420",
      "time": 1693481488451,
      "isBuyerMaker": true
   },
   {
      "id": 961825649,
      "price": "0.26540",
      "qty": "126",
      "quoteQty": "33.44040",
      "time": 1693481488451,
      "isBuyerMaker": true
   },
   {
      "id": 961825650,
      "price": "0.26540",
      "qty": "82",
      "quoteQty": "21.76280",
      "time": 1693481489667,
      "isBuyerMaker": true
   },
   {
      "id": 961825651,
      "price": "0.26540",
      "qty": "325",
      "quoteQty": "86.25500",
      "time": 1693481490062,
      "isBuyerMaker": true
   },
   {
      "id": 961825652,
      "price": "0.26550",
      "qty": "74",
      "quoteQty": "19.64700",
      "time": 1693481490197,
      "isBuyerMaker": false
   },
   {
      "id": 961825653,
      "price": "0.26540",
      "qty": "1500",
      "quoteQty": "398.10000",
      "time": 1693481490246,
      "isBuyerMaker": true
   },
   {
      "id": 961825654,
      "price": "0.26540",
      "qty": "1500",
      "quoteQty": "398.10000",
      "time": 1693481490345,
      "isBuyerMaker": true
   },
   {
      "id": 961825655,
      "price": "0.26540",
      "qty": "83",
      "quoteQty": "22.02820",
      "time": 1693481490356,
      "isBuyerMaker": true
   },
   {
      "id": 961825656,
      "price": "0.26540",
      "qty": "878",
      "quoteQty": "233.02120",
      "time": 1693481490356,
      "isBuyerMaker": true
   },
   {
      "id": 961825657,
      "price": "0.26540",
      "qty": "274",
      "quoteQty": "72.71960",
      "time": 1693481490356,
      "isBuyerMaker": true
   },
   {
      "id": 961825658,
      "price": "0.26540",
      "qty": "273",
      "quoteQty": "72.45420",
      "time": 1693481490356,
      "isBuyerMaker": true
   },
   {
      "id": 961825659,
      "price": "0.26540",
      "qty": "407",
      "quoteQty": "108.01780",
      "time": 1693481490356,
      "isBuyerMaker": true
   },
   {
      "id": 961825660,
      "price": "0.26540",
      "qty": "132",
      "quoteQty": "35.03280",
      "time": 1693481490356,
      "isBuyerMaker": true
   },
   {
      "id": 961825661,
      "price": "0.26540",
      "qty": "132",
      "quoteQty": "35.03280",
      "time": 1693481490356,
      "isBuyerMaker": true
   },
   {
      "id": 961825662,
      "price": "0.26540",
      "qty": "96",
      "quoteQty": "25.47840",
      "time": 1693481490356,
      "isBuyerMaker": true
   },
   {
      "id": 961825663,
      "price": "0.26540",
      "qty": "132",
      "quoteQty": "35.03280",
      "time": 1693481490356,
      "isBuyerMaker": true
   },
   {
      "id": 961825664,
      "price": "0.26540",
      "qty": "132",
      "quoteQty": "35.03280",
      "time": 1693481490356,
      "isBuyerMaker": true
   },
   {
      "id": 961825665,
      "price": "0.26540",
      "qty": "96",
      "quoteQty": "25.47840",
      "time": 1693481490356,
      "isBuyerMaker": true
   },
   {
      "id": 961825666,
      "price": "0.26540",
      "qty": "132",
      "quoteQty": "35.03280",
      "time": 1693481490356,
      "isBuyerMaker": true
   },
   {
      "id": 961825667,
      "price": "0.26540",
      "qty": "3233",
      "quoteQty": "858.03820",
      "time": 1693481490356,
      "isBuyerMaker": true
   },
   {
      "id": 961825668,
      "price": "0.26540",
      "qty": "472",
      "quoteQty": "125.26880",
      "time": 1693481490367,
      "isBuyerMaker": true
   },
   {
      "id": 961825669,
      "price": "0.26540",
      "qty": "132",
      "quoteQty": "35.03280",
      "time": 1693481490367,
      "isBuyerMaker": true
   },
   {
      "id": 961825670,
      "price": "0.26540",
      "qty": "276",
      "quoteQty": "73.25040",
      "time": 1693481490367,
      "isBuyerMaker": true
   },
   {
      "id": 961825671,
      "price": "0.26540",
      "qty": "132",
      "quoteQty": "35.03280",
      "time": 1693481490367,
      "isBuyerMaker": true
   },
   {
      "id": 961825672,
      "price": "0.26540",
      "qty": "96",
      "quoteQty": "25.47840",
      "time": 1693481490367,
      "isBuyerMaker": true
   },
   {
      "id": 961825673,
      "price": "0.26540",
      "qty": "20",
      "quoteQty": "5.30800",
      "time": 1693481490367,
      "isBuyerMaker": true
   },
   {
      "id": 961825674,
      "price": "0.26540",
      "qty": "40",
      "quoteQty": "10.61600",
      "time": 1693481490367,
      "isBuyerMaker": true
   },
   {
      "id": 961825675,
      "price": "0.26540",
      "qty": "132",
      "quoteQty": "35.03280",
      "time": 1693481490367,
      "isBuyerMaker": true
   },
   {
      "id": 961825676,
      "price": "0.26540",
      "qty": "132",
      "quoteQty": "35.03280",
      "time": 1693481490367,
      "isBuyerMaker": true
   },
   {
      "id": 961825677,
      "price": "0.26540",
      "qty": "132",
      "quoteQty": "35.03280",
      "time": 1693481490367,
      "isBuyerMaker": true
   },
   {
      "id": 961825678,
      "price": "0.26540",
      "qty": "565",
      "quoteQty": "149.95100",
      "time": 1693481490367,
      "isBuyerMaker": true
   },
   {
      "id": 961825679,
      "price": "0.26540",
      "qty": "96",
      "quoteQty": "25.47840",
      "time": 1693481490367,
      "isBuyerMaker": true
   },
   {
      "id": 961825680,
      "price": "0.26540",
      "qty": "74",
      "quoteQty": "19.63960",
      "time": 1693481490367,
      "isBuyerMaker": true
   },
   {
      "id": 961825681,
      "price": "0.26530",
      "qty": "6281",
      "quoteQty": "1666.34930",
      "time": 1693481491721,
      "isBuyerMaker": true
   },
   {
      "id": 961825682,
      "price": "0.26530",
      "qty": "3584",
      "quoteQty": "950.83520",
      "time": 1693481492117,
      "isBuyerMaker": true
   },
   {
      "id": 961825683,
      "price": "0.26530",
      "qty": "732",
      "quoteQty": "194.19960",
      "time": 1693481494126,
      "isBuyerMaker": true
   },
   {
      "id": 961825684,
      "price": "0.26540",
      "qty": "37",
      "quoteQty": "9.81980",
      "time": 1693481495476,
      "isBuyerMaker": false
   },
   {
      "id": 961825685,
      "price": "0.26540",
      "qty": "198",
      "quoteQty": "52.54920",
      "time": 1693481495974,
      "isBuyerMaker": false
   },
   {
      "id": 961825686,
      "price": "0.26530",
      "qty": "2792",
      "quoteQty": "740.71760",
      "time": 1693481500076,
      "isBuyerMaker": true
   },
   {
      "id": 961825687,
      "price": "0.26530",
      "qty": "149",
      "quoteQty": "39.52970",
      "time": 1693481504066,
      "isBuyerMaker": true
   },
   {
      "id": 961825688,
      "price": "0.26530",
      "qty": "45",
      "quoteQty": "11.93850",
      "time": 1693481504066,
      "isBuyerMaker": true
   },
   {
      "id": 961825689,
      "price": "0.26530",
      "qty": "2292",
      "quoteQty": "608.06760",
      "time": 1693481504574,
      "isBuyerMaker": true
   },
   {
      "id": 961825690,
      "price": "0.26530",
      "qty": "4478",
      "quoteQty": "1188.01340",
      "time": 1693481504574,
      "isBuyerMaker": true
   },
   {
      "id": 961825691,
      "price": "0.26530",
      "qty": "4932",
      "quoteQty": "1308.45960",
      "time": 1693481504574,
      "isBuyerMaker": true
   },
   {
      "id": 961825692,
      "price": "0.26540",
      "qty": "3767",
      "quoteQty": "999.76180",
      "time": 1693481504901,
      "isBuyerMaker": false
   },
   {
      "id": 961825693,
      "price": "0.26530",
      "qty": "72",
      "quoteQty": "19.10160",
      "time": 1693481505699,
      "isBuyerMaker": true
   },
   {
      "id": 961825694,
      "price": "0.26530",
      "qty": "6696",
      "quoteQty": "1776.44880",
      "time": 1693481505904,
      "isBuyerMaker": true
   },
   {
      "id": 961825695,
      "price": "0.26530",
      "qty": "1679",
      "quoteQty": "445.43870",
      "time": 1693481505904,
      "isBuyerMaker": true
   },
   {
      "id": 961825696,
      "price": "0.26530",
      "qty": "1679",
      "quoteQty": "445.43870",
      "time": 1693481505904,
      "isBuyerMaker": true
   },
   {
      "id": 961825697,
      "price": "0.26530",
      "qty": "879",
      "quoteQty": "233.19870",
      "time": 1693481505904,
      "isBuyerMaker": true
   },
   {
      "id": 961825698,
      "price": "0.26530",
      "qty": "75",
      "quoteQty": "19.89750",
      "time": 1693481505904,
      "isBuyerMaker": true
   },
   {
      "id": 961825699,
      "price": "0.26530",
      "qty": "37",
      "quoteQty": "9.81610",
      "time": 1693481505904,
      "isBuyerMaker": true
   },
   {
      "id": 961825700,
      "price": "0.26530",
      "qty": "3000",
      "quoteQty": "795.90000",
      "time": 1693481505904,
      "isBuyerMaker": true
   },
   {
      "id": 961825701,
      "price": "0.26530",
      "qty": "401",
      "quoteQty": "106.38530",
      "time": 1693481505904,
      "isBuyerMaker": true
   },
   {
      "id": 961825702,
      "price": "0.26530",
      "qty": "42",
      "quoteQty": "11.14260",
      "time": 1693481505904,
      "isBuyerMaker": true
   },
   {
      "id": 961825703,
      "price": "0.26530",
      "qty": "1500",
      "quoteQty": "397.95000",
      "time": 1693481505904,
      "isBuyerMaker": true
   },
   {
      "id": 961825704,
      "price": "0.26530",
      "qty": "274",
      "quoteQty": "72.69220",
      "time": 1693481505904,
      "isBuyerMaker": true
   },
   {
      "id": 961825705,
      "price": "0.26530",
      "qty": "707",
      "quoteQty": "187.56710",
      "time": 1693481505904,
      "isBuyerMaker": true
   },
   {
      "id": 961825706,
      "price": "0.26530",
      "qty": "363",
      "quoteQty": "96.30390",
      "time": 1693481505904,
      "isBuyerMaker": true
   },
   {
      "id": 961825707,
      "price": "0.26530",
      "qty": "190",
      "quoteQty": "50.40700",
      "time": 1693481505904,
      "isBuyerMaker": true
   },
   {
      "id": 961825708,
      "price": "0.26530",
      "qty": "5857",
      "quoteQty": "1553.86210",
      "time": 1693481505904,
      "isBuyerMaker": true
   },
   {
      "id": 961825709,
      "price": "0.26530",
      "qty": "20",
      "quoteQty": "5.30600",
      "time": 1693481505904,
      "isBuyerMaker": true
   },
   {
      "id": 961825710,
      "price": "0.26530",
      "qty": "137",
      "quoteQty": "36.34610",
      "time": 1693481505904,
      "isBuyerMaker": true
   },
   {
      "id": 961825711,
      "price": "0.26530",
      "qty": "40",
      "quoteQty": "10.61200",
      "time": 1693481505904,
      "isBuyerMaker": true
   },
   {
      "id": 961825712,
      "price": "0.26530",
      "qty": "950",
      "quoteQty": "252.03500",
      "time": 1693481505904,
      "isBuyerMaker": true
   },
   {
      "id": 961825713,
      "price": "0.26530",
      "qty": "445",
      "quoteQty": "118.05850",
      "time": 1693481505904,
      "isBuyerMaker": true
   },
   {
      "id": 961825714,
      "price": "0.26530",
      "qty": "74",
      "quoteQty": "19.63220",
      "time": 1693481505904,
      "isBuyerMaker": true
   },
   {
      "id": 961825715,
      "price": "0.26530",
      "qty": "167",
      "quoteQty": "44.30510",
      "time": 1693481505904,
      "isBuyerMaker": true
   },
   {
      "id": 961825716,
      "price": "0.26530",
      "qty": "7441",
      "quoteQty": "1974.09730",
      "time": 1693481505924,
      "isBuyerMaker": false
   },
   {
      "id": 961825717,
      "price": "0.26520",
      "qty": "163",
      "quoteQty": "43.22760",
      "time": 1693481505925,
      "isBuyerMaker": true
   },
   {
      "id": 961825718,
      "price": "0.26520",
      "qty": "12849",
      "quoteQty": "3407.55480",
      "time": 1693481506721,
      "isBuyerMaker": true
   },
   {
      "id": 961825719,
      "price": "0.26520",
      "qty": "4786",
      "quoteQty": "1269.24720",
      "time": 1693481506721,
      "isBuyerMaker": true
   },
   {
      "id": 961825720,
      "price": "0.26520",
      "qty": "3251",
      "quoteQty": "862.16520",
      "time": 1693481507509,
      "isBuyerMaker": true
   },
   {
      "id": 961825721,
      "price": "0.26520",
      "qty": "5665",
      "quoteQty": "1502.35800",
      "time": 1693481509364,
      "isBuyerMaker": true
   },
   {
      "id": 961825722,
      "price": "0.26520",
      "qty": "1729",
      "quoteQty": "458.53080",
      "time": 1693481509434,
      "isBuyerMaker": true
   },
   {
      "id": 961825723,
      "price": "0.26520",
      "qty": "3265",
      "quoteQty": "865.87800",
      "time": 1693481509820,
      "isBuyerMaker": true
   },
   {
      "id": 961825724,
      "price": "0.26520",
      "qty": "11259",
      "quoteQty": "2985.88680",
      "time": 1693481509820,
      "isBuyerMaker": true
   },
   {
      "id": 961825725,
      "price": "0.26520",
      "qty": "593",
      "quoteQty": "157.26360",
      "time": 1693481509832,
      "isBuyerMaker": true
   },
   {
      "id": 961825726,
      "price": "0.26520",
      "qty": "2782",
      "quoteQty": "737.78640",
      "time": 1693481509832,
      "isBuyerMaker": true
   },
   {
      "id": 961825727,
      "price": "0.26520",
      "qty": "3151",
      "quoteQty": "835.64520",
      "time": 1693481509832,
      "isBuyerMaker": true
   },
   {
      "id": 961825728,
      "price": "0.26520",
      "qty": "1723",
      "quoteQty": "456.93960",
      "time": 1693481510057,
      "isBuyerMaker": true
   },
   {
      "id": 961825729,
      "price": "0.26520",
      "qty": "1843",
      "quoteQty": "488.76360",
      "time": 1693481510856,
      "isBuyerMaker": true
   },
   {
      "id": 961825730,
      "price": "0.26520",
      "qty": "3648",
      "quoteQty": "967.44960",
      "time": 1693481510856,
      "isBuyerMaker": true
   },
   {
      "id": 961825731,
      "price": "0.26520",
      "qty": "138",
      "quoteQty": "36.59760",
      "time": 1693481512087,
      "isBuyerMaker": true
   },
   {
      "id": 961825732,
      "price": "0.26520",
      "qty": "376",
      "quoteQty": "99.71520",
      "time": 1693481512867,
      "isBuyerMaker": true
   },
   {
      "id": 961825733,
      "price": "0.26520",
      "qty": "1165",
      "quoteQty": "308.95800",
      "time": 1693481513049,
      "isBuyerMaker": true
   },
   {
      "id": 961825734,
      "price": "0.26520",
      "qty": "10000",
      "quoteQty": "2652.00000",
      "time": 1693481513049,
      "isBuyerMaker": true
   },
   {
      "id": 961825735,
      "price": "0.26520",
      "qty": "14524",
      "quoteQty": "3851.76480",
      "time": 1693481513049,
      "isBuyerMaker": true
   },
   {
      "id": 961825736,
      "price": "0.26520",
      "qty": "16952",
      "quoteQty": "4495.67040",
      "time": 1693481513049,
      "isBuyerMaker": true
   },
   {
      "id": 961825737,
      "price": "0.26520",
      "qty": "1434",
      "quoteQty": "380.29680",
      "time": 1693481513049,
      "isBuyerMaker": true
   },
   {
      "id": 961825738,
      "price": "0.26520",
      "qty": "273",
      "quoteQty": "72.39960",
      "time": 1693481513049,
      "isBuyerMaker": true
   },
   {
      "id": 961825739,
      "price": "0.26520",
      "qty": "273",
      "quoteQty": "72.39960",
      "time": 1693481513049,
      "isBuyerMaker": true
   },
   {
      "id": 961825740,
      "price": "0.26520",
      "qty": "23",
      "quoteQty": "6.09960",
      "time": 1693481513049,
      "isBuyerMaker": true
   },
   {
      "id": 961825741,
      "price": "0.26520",
      "qty": "75",
      "quoteQty": "19.89000",
      "time": 1693481513049,
      "isBuyerMaker": true
   },
   {
      "id": 961825742,
      "price": "0.26520",
      "qty": "83",
      "quoteQty": "22.01160",
      "time": 1693481513049,
      "isBuyerMaker": true
   },
   {
      "id": 961825743,
      "price": "0.26520",
      "qty": "878",
      "quoteQty": "232.84560",
      "time": 1693481513049,
      "isBuyerMaker": true
   },
   {
      "id": 961825744,
      "price": "0.26520",
      "qty": "4438",
      "quoteQty": "1176.95760",
      "time": 1693481513049,
      "isBuyerMaker": true
   }
]