[
   {
      "id": 954040835,
      "price": "0.31430",
      "qty": "245",
      "quoteQty": "77.00350",
      "time": 1690807621833,
      "isBuyerMaker": false
   },
   {
      "id": 954040836,
      "price": "0.31420",
      "qty": "6499",
      "quoteQty": "2041.98580",
      "time": 1690807623612,
      "isBuyerMaker": true
   },
   {
      "id": 954040837,
      "price": "0.31420",
      "qty": "1",
      "quoteQty": "0.31420",
      "time": 1690807623697,
      "isBuyerMaker": true
   },
   {
      "id": 954040838,
      "price": "0.31430",
      "qty": "880",
      "quoteQty": "276.58400",
      "time": 1690807624018,
      "isBuyerMaker": false
   },
   {
      "id": 954040839,
      "price": "0.31430",
      "qty": "1120",
      "quoteQty": "352.01600",
      "time": 1690807624018,
      "isBuyerMaker": false
   },
   {
      "id": 954040840,
      "price": "0.31430",
      "qty": "1679",
      "quoteQty": "527.70970",
      "time": 1690807624018,
      "isBuyerMaker": false
   },
   {
      "id": 954040841,
      "price": "0.31430",
      "qty": "2533",
      "quoteQty": "796.12190",
      "time": 1690807624018,
      "isBuyerMaker": false
   },
   {
      "id": 954040842,
      "price": "0.31430",
      "qty": "1122",
      "quoteQty": "352.64460",
      "time": 1690807624018,
      "isBuyerMaker": false
   },
   {
      "id": 954040843,
      "price": "0.31430",
      "qty": "559",
      "quoteQty": "175.69370",
      "time": 1690807624018,
      "isBuyerMaker": false
   },
   {
      "id": 954040844,
      "price": "0.31430",
      "qty": "16",
      "quoteQty": "5.02880",
      "time": 1690807624018,
      "isBuyerMaker": false
   },
   {
      "id": 954040845,
      "price": "0.31430",
      "qty": "229",
      "quoteQty": "71.97470",
      "time": 1690807624018,
      "isBuyerMaker": false
   },
   {
      "id": 954040846,
      "price": "0.31420",
      "qty": "1",
      "quoteQty": "0.31420",
      "time": 1690807624061,
      "isBuyerMaker": true
   },
   {
      "id": 954040847,
      "price": "0.31420",
      "qty": "1",
      "quoteQty": "0.31420",
      "time": 1690807624872,
      "isBuyerMaker": true
   },
   {
      "id": 954040848,
      "price": "0.31430",
      "qty": "156",
      "quoteQty": "49.03080",
      "time": 1690807624941,
      "isBuyerMaker": false
   },
   {
      "id": 954040849,
      "price": "0.31430",
      "qty": "156",
      "quoteQty": "49.03080",
      "time": 1690807624941,
      "isBuyerMaker": false
   },
   {
      "id": 954040850,
      "price": "0.31430",
      "qty": "40",
      "quoteQty": "12.57200",
      "time": 1690807624941,
      "isBuyerMaker": false
   },
   {
      "id": 954040851,
      "price": "0.31430",
      "qty": "111",
      "quoteQty": "34.88730",
      "time": 1690807624941,
      "isBuyerMaker": false
   },
   {
      "id": 954040852,
      "price": "0.31430",
      "qty": "34",
      "quoteQty": "10.68620",
      "time": 1690807624941,
      "isBuyerMaker": false
   },
   {
      "id": 954040853,
      "price": "0.31430",
      "qty": "3",
      "quoteQty": "0.94290",
      "time": 1690807624941,
      "isBuyerMaker": false
   },
   {
      "id": 954040854,
      "price": "0.31430",
      "qty": "401",
      "quoteQty": "126.03430",
      "time": 1690807627709,
      "isBuyerMaker": false
   },
   {
      "id": 954040855,
      "price": "0.31430",
      "qty": "17",
      "quoteQty": "5.34310",
      "time": 1690807627709,
      "isBuyerMaker": false
   },
   {
      "id": 954040856,
      "price": "0.31430",
      "qty": "82",
      "quoteQty": "25.77260",
      "time": 1690807627709,
      "isBuyerMaker": false
   },
   {
      "id": 954040857,
      "price": "0.31430",
      "qty": "121",
      "quoteQty": "38.03030",
      "time": 1690807628185,
      "isBuyerMaker": false
   },
   {
      "id": 954040858,
      "price": "0.31420",
      "qty": "821",
      "quoteQty": "257.95820",
      "time": 1690807628931,
      "isBuyerMaker": true
   },
   {
      "id": 954040859,
      "price": "0.31420",
      "qty": "746",
      "quoteQty": "234.39320",
      "time": 1690807631003,
      "isBuyerMaker": true
   },
   {
      "id": 954040860,
      "price": "0.31430",
      "qty": "846",
      "quoteQty": "265.89780",
      "time": 1690807631147,
      "isBuyerMaker": false
   },
   {
      "id": 954040861,
      "price": "0.31430",
      "qty": "537",
      "quoteQty": "168.77910",
      "time": 1690807631147,
      "isBuyerMaker": false
   },
   {
      "id": 954040862,
      "price": "0.31430",
      "qty": "17",
      "quoteQty": "5.34310",
      "time": 1690807631147,
      "isBuyerMaker": false
   },
   {
      "id": 954040863,
      "price": "0.31430",
      "qty": "70",
      "quoteQty": "22.00100",
      "time": 1690807631147,
      "isBuyerMaker": false
   },
   {
      "id": 954040864,
      "price": "0.31430",
      "qty": "437",
      "quoteQty": "137.34910",
      "time": 1690807631147,
      "isBuyerMaker": false
   },
   {
      "id": 954040865,
      "price": "0.31430",
      "qty": "500",
      "quoteQty": "157.15000",
      "time": 1690807631658,
      "isBuyerMaker": false
   },
   {
      "id": 954040866,
      "price": "0.31420",
      "qty": "16",
      "quoteQty": "5.02720",
      "time": 1690807632486,
      "isBuyerMaker": true
   },
   {
      "id": 954040867,
      "price": "0.31430",
      "qty": "4915",
      "quoteQty": "1544.78450",
      "time": 1690807632846,
      "isBuyerMaker": false
   },
   {
      "id": 954040868,
      "price": "0.31430",
      "qty": "500",
      "quoteQty": "157.15000",
      "time": 1690807634277,
      "isBuyerMaker": false
   },
   {
      "id": 954040869,
      "price": "0.31420",
      "qty": "872",
      "quoteQty": "273.98240",
      "time": 1690807635861,
      "isBuyerMaker": true
   },
   {
      "id": 954040870,
      "price": "0.31430",
      "qty": "107",
      "quoteQty": "33.63010",
      "time": 1690807637196,
      "isBuyerMaker": false
   },
   {
      "id": 954040871,
      "price": "0.31430",
      "qty": "16",
      "quoteQty": "5.02880",
      "time": 1690807637196,
      "isBuyerMaker": false
   },
   {
      "id": 954040872,
      "price": "0.31430",
      "qty": "40",
      "quoteQty": "12.57200",
      "time": 1690807637196,
      "isBuyerMaker": false
   },
   {
      "id": 954040873,
      "price": "0.31430",
      "qty": "34",
      "quoteQty": "10.68620",
      "time": 1690807637196,
      "isBuyerMaker": false
   },
   {
      "id": 954040874,
      "price": "0.31430",
      "qty": "303",
      "quoteQty": "95.23290",
      "time": 1690807637196,
      "isBuyerMaker": false
   },
   {
      "id": 954040875,
      "price": "0.31430",
      "qty": "150",
      "quoteQty": "47.14500",
      "time": 1690807639215,
      "isBuyerMaker": false
   },
   {
      "id": 954040876,
      "price": "0.31420",
      "qty": "2179",
      "quoteQty": "684.64180",
      "time": 1690807639543,
      "isBuyerMaker": true
   },
   {
      "id": 954040877,
      "price": "0.31420",
      "qty": "16",
      "quoteQty": "5.02720",
      "time": 1690807639543,
      "isBuyerMaker": true
   },
   {
      "id": 954040878,
      "price": "0.31420",
      "qty": "157",
      "quoteQty": "49.32940",
      "time": 1690807639543,
      "isBuyerMaker": true
   },
   {
      "id": 954040879,
      "price": "0.31420",
      "qty": "38",
      "quoteQty": "11.93960",
      "time": 1690807639543,
      "isBuyerMaker": true
   },
   {
      "id": 954040880,
      "price": "0.31420",
      "qty": "17",
      "quoteQty": "5.34140",
      "time": 1690807639543,
      "isBuyerMaker": true
   },
   {
      "id": 954040881,
      "price": "0.31420",
      "qty": "185",
      "quoteQty": "58.12700",
      "time": 1690807639543,
      "isBuyerMaker": true
   },
   {
      "id": 954040882,
      "price": "0.31420",
      "qty": "320",
      "quoteQty": "100.54400",
      "time": 1690807639543,
      "isBuyerMaker": true
   },
   {
      "id": 954040883,
      "price": "0.31420",
      "qty": "586",
      "quoteQty": "184.12120",
      "time": 1690807639543,
      "isBuyerMaker": true
   },
   {
      "id": 954040884,
      "price": "0.31430",
      "qty": "400",
      "quoteQty": "125.72000",
      "time": 1690807639549,
      "isBuyerMaker": false
   },
   {
      "id": 954040885,
      "price": "0.31420",
      "qty": "121",
      "quoteQty": "38.01820",
      "time": 1690807639998,
      "isBuyerMaker": true
   },
   {
      "id": 954040886,
      "price": "0.31420",
      "qty": "19",
      "quoteQty": "5.96980",
      "time": 1690807640459,
      "isBuyerMaker": true
   },
   {
      "id": 954040887,
      "price": "0.31430",
      "qty": "22",
      "quoteQty": "6.91460",
      "time": 1690807640881,
      "isBuyerMaker": false
   },
   {
      "id": 954040888,
      "price": "0.31430",
      "qty": "500",
      "quoteQty": "157.15000",
      "time": 1690807640974,
      "isBuyerMaker": false
   },
   {
      "id": 954040889,
      "price": "0.31420",
      "qty": "79",
      "quoteQty": "24.82180",
      "time": 1690807641024,
      "isBuyerMaker": true
   },
   {
      "id": 954040890,
      "price": "0.31420",
      "qty": "1",
      "quoteQty": "0.31420",
      "time": 1690807642336,
      "isBuyerMaker": true
   },
   {
      "id": 954040891,
      "price": "0.31420",
      "qty": "2",
      "quoteQty": "0.62840",
      "time": 1690807642483,
      "isBuyerMaker": true
   },
   {
      "id": 954040892,
      "price": "0.31420",
      "qty": "3",
      "quoteQty": "0.94260",
      "time": 1690807642577,
      "isBuyerMaker": true
   },
   {
      "id": 954040893,
      "price": "0.31420",
      "qty": "1",
      "quoteQty": "0.31420",
      "time": 1690807642813,
      "isBuyerMaker": true
   },
   {
      "id": 954040894,
      "price": "0.31430",
      "qty": "5938",
      "quoteQty": "1866.31340",
      "time": 1690807642921,
      "isBuyerMaker": false
   },
   {
      "id": 954040895,
      "price": "0.31420",
      "qty": "1",
      "quoteQty": "0.31420",
      "time": 1690807642974,
      "isBuyerMaker": true
   },
   {
      "id": 954040896,
      "price": "0.31420",
      "qty": "1509",
      "quoteQty": "474.12780",
      "time": 1690807644358,
      "isBuyerMaker": true
   },
   {
      "id": 954040897,
      "price": "0.31430",
      "qty": "8294",
      "quoteQty": "2606.80420",
      "time": 1690807644903,
      "isBuyerMaker": false
   },
   {
      "id": 954040898,
      "price": "0.31430",
      "qty": "70",
      "quoteQty": "22.00100",
      "time": 1690807644903,
      "isBuyerMaker": false
   },
   {
      "id": 954040899,
      "price": "0.31430",
      "qty": "224",
      "quoteQty": "70.40320",
      "time": 1690807644903,
      "isBuyerMaker": false
   },
   {
      "id": 954040900,
      "price": "0.31430",
      "qty": "259",
      "quoteQty": "81.40370",
      "time": 1690807644904,
      "isBuyerMaker": false
   },
   {
      "id": 954040901,
      "price": "0.31430",
      "qty": "91",
      "quoteQty": "28.60130",
      "time": 1690807644904,
      "isBuyerMaker": false
   },
   {
      "id": 954040902,
      "price": "0.31430",
      "qty": "815",
      "quoteQty": "256.15450",
      "time": 1690807644904,
      "isBuyerMaker": false
   },
   {
      "id": 954040903,
      "price": "0.31430",
      "qty": "6000",
      "quoteQty": "1885.80000",
      "time": 1690807644904,
      "isBuyerMaker": false
   },
   {
      "id": 954040904,
      "price": "0.31430",
      "qty": "1010",
      "quoteQty": "317.44300",
      "time": 1690807644904,
      "isBuyerMaker": false
   },
   {
      "id": 954040905,
      "price": "0.31430",
      "qty": "250",
      "quoteQty": "78.57500",
      "time": 1690807645229,
      "isBuyerMaker": false
   },
   {
      "id": 954040906,
      "price": "0.31420",
      "qty": "1",
      "quoteQty": "0.31420",
      "time": 1690807645527,
      "isBuyerMaker": true
   },
   {
      "id": 954040907,
      "price": "0.31430",
      "qty": "3677",
      "quoteQty": "1155.68110",
      "time": 1690807645646,
      "isBuyerMaker": false
   },
   {
      "id": 954040908,
      "price": "0.31420",
      "qty": "1",
      "quoteQty": "0.31420",
      "time": 1690807645656,
      "isBuyerMaker": true
   },
   {
      "id": 954040909,
      "price": "0.31420",
      "qty": "3",
      "quoteQty": "0.94260",
      "time": 1690807645656,
      "isBuyerMaker": true
   },
   {
      "id": 954040910,
      "price": "0.31430",
      "qty": "90",
      "quoteQty": "28.28700",
      "time": 1690807646509,
      "isBuyerMaker": false
   },
   {
      "id": 954040911,
      "price": "0.31420",
      "qty": "1",
      "quoteQty": "0.31420",
      "time": 1690807646765,
      "isBuyerMaker": true
   },
   {
      "id": 954040912,
      "price": "0.31430",
      "qty": "5072",
      "quoteQty": "1594.12960",
      "time": 1690807647174,
      "isBuyerMaker": false
   },
   {
      "id": 954040913,
      "price": "0.31430",
      "qty": "16",
      "quoteQty": "5.02880",
      "time": 1690807647174,
      "isBuyerMaker": false
   },
   {
      "id": 954040914,
      "price": "0.31430",
      "qty": "40",
      "quoteQty": "12.57200",
      "time": 1690807647174,
      "isBuyerMaker": false
   },
   {
      "id": 954040915,
      "price": "0.31430",
      "qty": "3456",
      "quoteQty": "1086.22080",
      "time": 1690807647174,
      "isBuyerMaker": false
   },
   {
      "id": 954040916,
      "price": "0.31430",
      "qty": "158",
      "quoteQty": "49.65940",
      "time": 1690807647174,
      "isBuyerMaker": false
   },
   {
      "id": 954040917,
      "price": "0.31430",
      "qty": "640",
      "quoteQty": "201.15200",
      "time": 1690807647174,
      "isBuyerMaker": false
   },
   {
      "id": 954040918,
      "price": "0.31430",
      "qty": "2221",
      "quoteQty": "698.06030",
      "time": 1690807647174,
      "isBuyerMaker": false
   },
   {
      "id": 954040919,
      "price": "0.31430",
      "qty": "5745",
      "quoteQty": "1805.65350",
      "time": 1690807647174,
      "isBuyerMaker": false
   },
   {
      "id": 954040920,
      "price": "0.31430",
      "qty": "112",
      "quoteQty": "35.20160",
      "time": 1690807647174,
      "isBuyerMaker": false
   },
   {
      "id": 954040921,
      "price": "0.31430",
      "qty": "1122",
      "quoteQty": "352.64460",
      "time": 1690807647174,
      "isBuyerMaker": false
   },
   {
      "id": 954040922,
      "price": "0.31430",
      "qty": "2188",
      "quoteQty": "687.68840",
      "time": 1690807647174,
      "isBuyerMaker": false
   },
   {
      "id": 954040923,
      "price": "0.31430",
      "qty": "1103",
      "quoteQty": "346.67290",
      "time": 1690807647174,
      "isBuyerMaker": false
   },
   {
      "id": 954040924,
      "price": "0.31440",
      "qty": "20",
      "quoteQty": "6.28800",
      "time": 1690807648224,
      "isBuyerMaker": false
   },
   {
      "id": 954040925,
      "price": "0.31430",
      "qty": "63",
      "quoteQty": "19.80090",
      "time": 1690807650035,
      "isBuyerMaker": true
   },
   {
      "id": 954040926,
      "price": "0.31440",
      "qty": "29",
      "quoteQty": "9.11760",
      "time": 1690807651266,
      "isBuyerMaker": false
   },
   {
      "id": 954040927,
      "price": "0.31430",
      "qty": "258",
      "quoteQty": "81.08940",
      "time": 1690807654352,
      "isBuyerMaker": true
   },
   {
      "id": 954040928,
      "price": "0.31430",
      "qty": "1987",
      "quoteQty": "624.51410",
      "time": 1690807654352,
      "isBuyerMaker": true
   },
   {
      "id": 954040929,
      "price": "0.31440",
      "qty": "796",
      "quoteQty": "250.26240",
      "time": 1690807654978,
      "isBuyerMaker": false
   },
   {
      "id": 954040930,
      "price": "0.31440",
      "qty": "636",
      "quoteQty": "199.95840",
      "time": 1690807657196,
      "isBuyerMaker": false
   },
   {
      "id": 954040931,
      "price": "0.31440",
      "qty": "1039",
      "quoteQty": "326.66160",
      "time": 1690807657253,
      "isBuyerMaker": false
   },
   {
      "id": 954040932,
      "price": "0.31440",
      "qty": "917",
      "quoteQty": "288.30480",
      "time": 1690807657734,
      "isBuyerMaker": false
   },
   {
      "id": 954040933,
      "price": "0.31440",
      "qty": "50",
      "quoteQty": "15.72000",
      "time": 1690807658213,
      "isBuyerMaker": false
   },
   {
      "id": 954040934,
      "price": "0.31430",
      "qty": "649",
      "quoteQty": "203.98070",
      "time": 1690807660437,
      "isBuyerMaker": true
   },
   {
      "id": 954040935,
      "price": "0.31440",
      "qty": "4401",
      "quoteQty": "1383.67440",
      "time": 1690807660593,
      "isBuyerMaker": false
   },
   {
      "id": 954040936,
      "price": "0.31440",
      "qty": "11502",
      "quoteQty": "3616.22880",
      "time": 1690807660593,
      "isBuyerMaker": false
   },
   {
      "id": 954040937,
      "price": "0.31440",
      "qty": "150",
      "quoteQty": "47.16000",
      "time": 1690807661761,
      "isBuyerMaker": false
   },
   {
      "id": 954040938,
      "price": "0.31430",
      "qty": "8000",
      "quoteQty": "2514.40000",
      "time": 1690807663511,
      "isBuyerMaker": true
   },
   {
      "id": 954040939,
      "price": "0.31430",
      "qty": "3172",
      "quoteQty": "996.95960",
      "time": 1690807663518,
      "isBuyerMaker": true
   },
   {
      "id": 954040940,
      "price": "0.31430",
      "qty": "1438",
      "quoteQty": "451.96340",
      "time": 1690807663765,
      "isBuyerMaker": true
   },
   {
      "id": 954040941,
      "price": "0.31430",
      "qty": "1607",
      "quoteQty": "505.08010",
      "time": 1690807663765,
      "isBuyerMaker": true
   },
   {
      "id": 954040942,
      "price": "0.31430",
      "qty": "16",
      "quoteQty": "5.02880",
      "time": 1690807663765,
      "isBuyerMaker": true
   },
   {
      "id": 954040943,
      "price": "0.31430",
      "qty": "3555",
      "quoteQty": "1117.33650",
      "time": 1690807663765,
      "isBuyerMaker": true
   },
   {
      "id": 954040944,
      "price": "0.31430",
      "qty": "1545",
      "quoteQty": "485.59350",
      "time": 1690807663775,
      "isBuyerMaker": true
   },
   {
      "id": 954040945,
      "price": "0.31430",
      "qty": "40",
      "quoteQty": "12.57200",
      "time": 1690807663775,
      "isBuyerMaker": true
   },
   {
      "id": 954040946,
      "price": "0.31430",
      "qty": "32",
      "quoteQty": "10.05760",
      "time": 1690807663775,
      "isBuyerMaker": true
   },
   {
      "id": 954040947,
      "price": "0.31430",
      "qty": "34",
      "quoteQty": "10.68620",
      "time": 1690807663775,
      "isBuyerMaker": true
   },
   {
      "id": 954040948,
      "price": "0.31430",
      "qty": "1424",
      "quoteQty": "447.56320",
      "time": 1690807663775,
      "isBuyerMaker": true
   },
   {
      "id": 954040949,
      "price": "0.31430",
      "qty": "71",
      "quoteQty": "22.31530",
      "time": 1690807663775,
      "isBuyerMaker": true
   },
   {
      "id": 954040950,
      "price": "0.31430",
      "qty": "487",
      "quoteQty": "153.06410",
      "time": 1690807663775,
      "isBuyerMaker": true
   },
   {
      "id": 954040951,
      "price": "0.31430",
      "qty": "54",
      "quoteQty": "16.97220",
      "time": 1690807663775,
      "isBuyerMaker": true
   },
   {
      "id": 954040952,
      "price": "0.31430",
      "qty": "41",
      "quoteQty": "12.88630",
      "time": 1690807663775,
      "isBuyerMaker": true
   },
   {
      "id": 954040953,
      "price": "0.31430",
      "qty": "250",
      "quoteQty": "78.57500",
      "time": 1690807663775,
      "isBuyerMaker": true
   },
   {
      "id": 954040954,
      "price": "0.31430",
      "qty": "16",
      "quoteQty": "5.02880",
      "time": 1690807663775,
      "isBuyerMaker": true
   },
   {
      "id": 954040955,
      "price": "0.31430",
      "qty": "43",
      "quoteQty": "13.51490",
      "time": 1690807664326,
      "isBuyerMaker": false
   },
   {
      "id": 954040956,
      "price": "0.31430",
      "qty": "129",
      "quoteQty": "40.54470",
      "time": 1690807664344,
      "isBuyerMaker": false
   },
   {
      "id": 954040957,
      "price": "0.31430",
      "qty": "97",
      "quoteQty": "30.48710",
      "time": 1690807665072,
      "isBuyerMaker": false
   },
   {
      "id": 954040958,
      "price": "0.31430",
      "qty": "26",
      "quoteQty": "8.17180",
      "time": 1690807666773,
      "isBuyerMaker": false
   },
   {
      "id": 954040959,
      "price": "0.31430",
      "qty": "500",
      "quoteQty": "157.15000",
      "time": 1690807668514,
      "isBuyerMaker": false
   },
   {
      "id": 954040960,
      "price": "0.31420",
      "qty": "193",
      "quoteQty": "60.64060",
      "time": 1690807668861,
      "isBuyerMaker": true
   },
   {
      "id": 954040961,
      "price": "0.31420",
      "qty": "3479",
      "quoteQty": "1093.10180",
      "time": 1690807670941,
      "isBuyerMaker": true
   },
   {
      "id": 954040962,
      "price": "0.31420",
      "qty": "4521",
      "quoteQty": "1420.49820",
      "time": 1690807670941,
      "isBuyerMaker": true
   },
   {
      "id": 954040963,
      "price": "0.31430",
      "qty": "18471",
      "quoteQty": "5805.43530",
      "time": 1690807672089,
      "isBuyerMaker": false
   },
   {
      "id": 954040964,
      "price": "0.31430",
      "qty": "1272",
      "quoteQty": "399.78960",
      "time": 1690807672089,
      "isBuyerMaker": false
   },
   {
      "id": 954040965,
      "price": "0.31430",
      "qty": "16",
      "quoteQty": "5.02880",
      "time": 1690807672089,
      "isBuyerMaker": false
   },
   {
      "id": 954040966,
      "price": "0.31430",
      "qty": "3816",
      "quoteQty": "1199.36880",
      "time": 1690807672089,
      "isBuyerMaker": false
   },
   {
      "id": 954040967,
      "price": "0.31430",
      "qty": "40",
      "quoteQty": "12.57200",
      "time": 1690807672089,
      "isBuyerMaker": false
   },
   {
      "id": 954040968,
      "price": "0.31430",
      "qty": "1518",
      "quoteQty": "477.10740",
      "time": 1690807672089,
      "isBuyerMaker": false
   },
   {
      "id": 954040969,
      "price": "0.31430",
      "qty": "19",
      "quoteQty": "5.97170",
      "time": 1690807672089,
      "isBuyerMaker": false
   },
   {
      "id": 954040970,
      "price": "0.31430",
      "qty": "99",
      "quoteQty": "31.11570",
      "time": 1690807672089,
      "isBuyerMaker": false
   },
   {
      "id": 954040971,
      "price": "0.31430",
      "qty": "1176",
      "quoteQty": "369.61680",
      "time": 1690807672089,
      "isBuyerMaker": false
   },
   {
      "id": 954040972,
      "price": "0.31430",
      "qty": "22",
      "quoteQty": "6.91460",
      "time": 1690807672089,
      "isBuyerMaker": false
   },
   {
      "id": 954040973,
      "price": "0.31430",
      "qty": "156",
      "quoteQty": "49.03080",
      "time": 1690807672089,
      "isBuyerMaker": false
   },
   {
      "id": 954040974,
      "price": "0.31430",
      "qty": "415",
      "quoteQty": "130.43450",
      "time": 1690807672089,
      "isBuyerMaker": false
   },
   {
      "id": 954040975,
      "price": "0.31430",
      "qty": "496",
      "quoteQty": "155.89280",
      "time": 1690807672089,
      "isBuyerMaker": false
   },
   {
      "id": 954040976,
      "price": "0.31430",
      "qty": "53",
      "quoteQty": "16.65790",
      "time": 1690807672089,
      "isBuyerMaker": false
   },
   {
      "id": 954040977,
      "price": "0.31430",
      "qty": "51",
      "quoteQty": "16.02930",
      "time": 1690807672089,
      "isBuyerMaker": false
   },
   {
      "id": 954040978,
      "price": "0.31430",
      "qty": "535",
      "quoteQty": "168.15050",
      "time": 1690807672089,
      "isBuyerMaker": false
   },
   {
      "id": 954040979,
      "price": "0.31430",
      "qty": "73",
      "quoteQty": "22.94390",
      "time": 1690807672089,
      "isBuyerMaker": false
   },
   {
      "id": 954040980,
      "price": "0.31430",
      "qty": "155",
      "quoteQty": "48.71650",
      "time": 1690807672108,
      "isBuyerMaker": false
   },
   {
      "id": 954040981,
      "price": "0.31430",
      "qty": "16501",
      "quoteQty": "5186.26430",
      "time": 1690807672108,
      "isBuyerMaker": false
   },
   {
      "id": 954040982,
      "price": "0.31430",
      "qty": "1327",
      "quoteQty": "417.07610",
      "time": 1690807673226,
      "isBuyerMaker": true
   },
   {
      "id": 954040983,
      "price": "0.31430",
      "qty": "5100",
      "quoteQty": "1602.93000",
      "time": 1690807673226,
      "isBuyerMaker": true
   },
   {
      "id": 954040984,
      "price": "0.31430",
      "qty": "4030",
      "quoteQty": "1266.62900",
      "time": 1690807673226,
      "isBuyerMaker": true
   },
   {
      "id": 954040985,
      "price": "0.31430",
      "qty": "3486",
      "quoteQty": "1095.64980",
      "time": 1690807673226,
      "isBuyerMaker": true
   },
   {
      "id": 954040986,
      "price": "0.31430",
      "qty": "968",
      "quoteQty": "304.24240",
      "time": 1690807673226,
      "isBuyerMaker": true
   },
   {
      "id": 954040987,
      "price": "0.31430",
      "qty": "510",
      "quoteQty": "160.29300",
      "time": 1690807674333,
      "isBuyerMaker": true
   },
   {
      "id": 954040988,
      "price": "0.31440",
      "qty": "40",
      "quoteQty": "12.57600",
      "time": 1690807674465,
      "isBuyerMaker": false
   },
   {
      "id": 954040989,
      "price": "0.31440",
      "qty": "16",
      "quoteQty": "5.03040",
      "time": 1690807674465,
      "isBuyerMaker": false
   },
   {
      "id": 954040990,
      "price": "0.31440",
      "qty": "621",
      "quoteQty": "195.24240",
      "time": 1690807674465,
      "isBuyerMaker": false
   },
   {
      "id": 954040991,
      "price": "0.31440",
      "qty": "879",
      "quoteQty": "276.35760",
      "time": 1690807674465,
      "isBuyerMaker": false
   },
   {
      "id": 954040992,
      "price": "0.31440",
      "qty": "2856",
      "quoteQty": "897.92640",
      "time": 1690807674465,
      "isBuyerMaker": false
   },
   {
      "id": 954040993,
      "price": "0.31440",
      "qty": "17",
      "quoteQty": "5.34480",
      "time": 1690807674465,
      "isBuyerMaker": false
   },
   {
      "id": 954040994,
      "price": "0.31440",
      "qty": "185",
      "quoteQty": "58.16400",
      "time": 1690807674465,
      "isBuyerMaker": false
   },
   {
      "id": 954040995,
      "price": "0.31440",
      "qty": "5386",
      "quoteQty": "1693.35840",
      "time": 1690807674465,
      "isBuyerMaker": false
   },
   {
      "id": 954040996,
      "price": "0.31440",
      "qty": "259",
      "quoteQty": "81.42960",
      "time": 1690807675545,
      "isBuyerMaker": false
   },
   {
      "id": 954040997,
      "price": "0.31440",
      "qty": "52",
      "quoteQty": "16.34880",
      "time": 1690807675565,
      "isBuyerMaker": false
   },
   {
      "id": 954040998,
      "price": "0.31440",
      "qty": "10206",
      "quoteQty": "3208.76640",
      "time": 1690807675834,
      "isBuyerMaker": false
   },
   {
      "id": 954040999,
      "price": "0.31440",
      "qty": "1590",
      "quoteQty": "499.89600",
      "time": 1690807675834,
      "isBuyerMaker": false
   },
   {
      "id": 954041000,
      "price": "0.31440",
      "qty": "19223",
      "quoteQty": "6043.71120",
      "time": 1690807675834,
      "isBuyerMaker": false
   },
   {
      "id": 954041001,
      "price": "0.31440",
      "qty": "4917",
      "quoteQty": "1545.90480",
      "time": 1690807675834,
      "isBuyerMaker": false
   },
   {
      "id": 954041002,
      "price": "0.31430",
      "qty": "5000",
      "quoteQty": "1571.50000",
      "time": 1690807676375,
      "isBuyerMaker": true
   },
   {
      "id": 954041003,
      "price": "0.31430",
      "qty": "11001",
      "quoteQty": "3457.61430",
      "time": 1690807678155,
      "isBuyerMaker": true
   },
   {
      "id": 954041004,
      "price": "0.31430",
      "qty": "583",
      "quoteQty": "183.23690",
      "time": 1690807678155,
      "isBuyerMaker": true
   },
   {
      "id": 954041005,
      "price": "0.31430",
      "qty": "1107",
      "quoteQty": "347.93010",
      "time": 1690807678155,
      "isBuyerMaker": true
   },
   {
      "id": 954041006,
      "price": "0.31430",
      "qty": "2481",
      "quoteQty": "779.77830",
      "time": 1690807678155,
      "isBuyerMaker": true
   },
   {
      "id": 954041007,
      "price": "0.31440",
      "qty": "723",
      "quoteQty": "227.31120",
      "time": 1690807680119,
      "isBuyerMaker": false
   },
   {
      "id": 954041008,
      "price": "0.31440",
      "qty": "1158",
      "quoteQty": "364.07520",
      "time": 1690807680119,
      "isBuyerMaker": false
   },
   {
      "id": 954041009,
      "price": "0.31440",
      "qty": "16",
      "quoteQty": "5.03040",
      "time": 1690807680119,
      "isBuyerMaker": false
   },
   {
      "id": 954041010,
      "price": "0.31440",
      "qty": "40",
      "quoteQty": "12.57600",
      "time": 1690807680119,
      "isBuyerMaker": false
   },
   {
      "id": 954041011,
      "price": "0.31440",
      "qty": "17",
      "quoteQty": "5.34480",
      "time": 1690807680119,
      "isBuyerMaker": false
   },
   {
      "id": 954041012,
      "price": "0.31440",
      "qty": "267",
      "quoteQty": "83.94480",
      "time": 1690807680119,
      "isBuyerMaker": false
   },
   {
      "id": 954041013,
      "price": "0.31450",
      "qty": "170",
      "quoteQty": "53.46500",
      "time": 1690807680602,
      "isBuyerMaker": false
   },
   {
      "id": 954041014,
      "price": "0.31440",
      "qty": "1000",
      "quoteQty": "314.40000",
      "time": 1690807681011,
      "isBuyerMaker": true
   },
   {
      "id": 954041015,
      "price": "0.31450",
      "qty": "494",
      "quoteQty": "155.36300",
      "time": 1690807682145,
      "isBuyerMaker": false
   },
   {
      "id": 954041016,
      "price": "0.31440",
      "qty": "1000",
      "quoteQty": "314.40000",
      "time": 1690807685410,
      "isBuyerMaker": true
   },
   {
      "id": 954041017,
      "price": "0.31450",
      "qty": "459",
      "quoteQty": "144.35550",
      "time": 1690807687384,
      "isBuyerMaker": false
   },
   {
      "id": 954041018,
      "price": "0.31440",
      "qty": "2000",
      "quoteQty": "628.80000",
      "time": 1690807691109,
      "isBuyerMaker": true
   },
   {
      "id": 954041019,
      "price": "0.31450",
      "qty": "4445",
      "quoteQty": "1397.95250",
      "time": 1690807693572,
      "isBuyerMaker": false
   },
   {
      "id": 954041020,
      "price": "0.31450",
      "qty": "1106",
      "quoteQty": "347.83700",
      "time": 1690807693572,
      "isBuyerMaker": false
   },
   {
      "id": 954041021,
      "price": "0.31440",
      "qty": "1379",
      "quoteQty": "433.55760",
      "time": 1690807693924,
      "isBuyerMaker": true
   },
   {
      "id": 954041022,
      "price": "0.31440",
      "qty": "3677",
      "quoteQty": "1156.04880",
      "time": 1690807695625,
      "isBuyerMaker": true
   },
   {
      "id": 954041023,
      "price": "0.31440",
      "qty": "7461",
      "quoteQty": "2345.73840",
      "time": 1690807695629,
      "isBuyerMaker": true
   },
   {
      "id": 954041024,
      "price": "0.31440",
      "qty": "16580",
      "quoteQty": "5212.75200",
      "time": 1690807695629,
      "isBuyerMaker": true
   },
   {
      "id": 954041025,
      "price": "0.31440",
      "qty": "719",
      "quoteQty": "226.05360",
      "time": 1690807695629,
      "isBuyerMaker": true
   },
   {
      "id": 954041026,
      "price": "0.31440",
      "qty": "16946",
      "quoteQty": "5327.82240",
      "time": 1690807695629,
      "isBuyerMaker": true
   },
   {
      "id": 954041027,
      "price": "0.31440",
      "qty": "19186",
      "quoteQty": "6032.07840",
      "time": 1690807695629,
      "isBuyerMaker": true
   },
   {
      "id": 954041028,
      "price": "0.31440",
      "qty": "1272",
      "quoteQty": "399.91680",
      "time": 1690807695629,
      "isBuyerMaker": true
   },
   {
      "id": 954041029,
      "price": "0.31440",
      "qty": "11774",
      "quoteQty": "3701.74560",
      "time": 1690807695629,
      "isBuyerMaker": true
   },
   {
      "id": 954041030,
      "price": "0.31440",
      "qty": "3180",
      "quoteQty": "999.79200",
      "time": 1690807695629,
      "isBuyerMaker": true
   },
   {
      "id": 954041031,
      "price": "0.31440",
      "qty": "228",
      "quoteQty": "71.68320",
      "time": 1690807695629,
      "isBuyerMaker": true
   },
   {
      "id": 954041032,
      "price": "0.31440",
      "qty": "40",
      "quoteQty": "12.57600",
      "time": 1690807695629,
      "isBuyerMaker": true
   },
   {
      "id": 954041033,
      "price": "0.31440",
      "qty": "34",
      "quoteQty": "10.68960",
      "time": 1690807695629,
      "isBuyerMaker": true
   },
   {
      "id": 954041034,
      "price": "0.31440",
      "qty": "954",
      "quoteQty": "299.93760",
      "time": 1690807695629,
      "isBuyerMaker": true
   },
   {
      "id": 954041035,
      "price": "0.31440",
      "qty": "16",
      "quoteQty": "5.03040",
      "time": 1690807695629,
      "isBuyerMaker": true
   },
   {
      "id": 954041036,
      "price": "0.31440",
      "qty": "32",
      "quoteQty": "10.06080",
      "time": 1690807695629,
      "isBuyerMaker": true
   },
   {
      "id": 954041037,
      "price": "0.31440",
      "qty": "494",
      "quoteQty": "155.31360",
      "time": 1690807695629,
      "isBuyerMaker": true
   },
   {
      "id": 954041038,
      "price": "0.31440",
      "qty": "43",
      "quoteQty": "13.51920",
      "time": 1690807695629,
      "isBuyerMaker": true
   },
   {
      "id": 954041039,
      "price": "0.31440",
      "qty": "1450",
      "quoteQty": "455.88000",
      "time": 1690807695629,
      "isBuyerMaker": true
   },
   {
      "id": 954041040,
      "price": "0.31440",
      "qty": "39",
      "quoteQty": "12.26160",
      "time": 1690807695629,
      "isBuyerMaker": true
   },
   {
      "id": 954041041,
      "price": "0.31440",
      "qty": "4770",
      "quoteQty": "1499.68800",
      "time": 1690807695629,
      "isBuyerMaker": true
   },
   {
      "id": 954041042,
      "price": "0.31440",
      "qty": "86",
      "quoteQty": "27.03840",
      "time": 1690807695629,
      "isBuyerMaker": true
   },
   {
      "id": 954041043,
      "price": "0.31440",
      "qty": "17",
      "quoteQty": "5.34480",
      "time": 1690807695629,
      "isBuyerMaker": true
   },
   {
      "id": 954041044,
      "price": "0.31440",
      "qty": "410",
      "quoteQty": "128.90400",
      "time": 1690807695629,
      "isBuyerMaker": true
   },
   {
      "id": 954041045,
      "price": "0.31440",
      "qty": "798",
      "quoteQty": "250.89120",
      "time": 1690807695629,
      "isBuyerMaker": true
   },
   {
      "id": 954041046,
      "price": "0.31440",
      "qty": "312",
      "quoteQty": "98.09280",
      "time": 1690807695629,
      "isBuyerMaker": true
   },
   {
      "id": 954041047,
      "price": "0.31440",
      "qty": "2510",
      "quoteQty": "789.14400",
      "time": 1690807695629,
      "isBuyerMaker": true
   },
   {
      "id": 954041048,
      "price": "0.31440",
      "qty": "65",
      "quoteQty": "20.43600",
      "time": 1690807695629,
      "isBuyerMaker": true
   },
   {
      "id": 954041049,
      "price": "0.31430",
      "qty": "954",
      "quoteQty": "299.84220",
      "time": 1690807695674,
      "isBuyerMaker": true
   },
   {
      "id": 954041050,
      "price": "0.31430",
      "qty": "13082",
      "quoteQty": "4111.67260",
      "time": 1690807695868,
      "isBuyerMaker": true
   },
   {
      "id": 954041051,
      "price": "0.31430",
      "qty": "2812",
      "quoteQty": "883.81160",
      "time": 1690807695868,
      "isBuyerMaker": true
   },
   {
      "id": 954041052,
      "price": "0.31430",
      "qty": "146",
      "quoteQty": "45.88780",
      "time": 1690807697901,
      "isBuyerMaker": true
   },
   {
      "id": 954041053,
      "price": "0.31430",
      "qty": "130",
      "quoteQty": "40.85900",
      "time": 1690807701645,
      "isBuyerMaker": true
   },
   {
      "id": 954041054,
      "price": "0.31440",
      "qty": "456",
      "quoteQty": "143.36640",
      "time": 1690807701713,
      "isBuyerMaker": false
   },
   {
      "id": 954041055,
      "price": "0.31440",
      "qty": "1272",
      "quoteQty": "399.91680",
      "time": 1690807702109,
      "isBuyerMaker": false
   },
   {
      "id": 954041056,
      "price": "0.31440",
      "qty": "23",
      "quoteQty": "7.23120",
      "time": 1690807703549,
      "isBuyerMaker": false
   },
   {
      "id": 954041057,
      "price": "0.31430",
      "qty": "95",
      "quoteQty": "29.85850",
      "time": 1690807706518,
      "isBuyerMaker": true
   },
   {
      "id": 954041058,
      "price": "0.31430",
      "qty": "70",
      "quoteQty": "22.00100",
      "time": 1690807706539,
      "isBuyerMaker": true
   },
   {
      "id": 954041059,
      "price": "0.31440",
      "qty": "112",
      "quoteQty": "35.21280",
      "time": 1690807706657,
      "isBuyerMaker": false
   },
   {
      "id": 954041060,
      "price": "0.31440",
      "qty": "6561",
      "quoteQty": "2062.77840",
      "time": 1690807713151,
      "isBuyerMaker": false
   },
   {
      "id": 954041061,
      "price": "0.31430",
      "qty": "692",
      "quoteQty": "217.49560",
      "time": 1690807713819,
      "isBuyerMaker": true
   },
   {
      "id": 954041062,
      "price": "0.31440",
      "qty": "1280",
      "quoteQty": "402.43200",
      "time": 1690807722553,
      "isBuyerMaker": false
   },
   {
      "id": 954041063,
      "price": "0.31440",
      "qty": "6876",
      "quoteQty": "2161.81440",
      "time": 1690807728533,
      "isBuyerMaker": false
   },
   {
      "id": 954041064,
      "price": "0.31440",
      "qty": "3124",
      "quoteQty": "982.18560",
      "time": 1690807728533,
      "isBuyerMaker": false
   },
   {
      "id": 954041065,
      "price": "0.31430",
      "qty": "37",
      "quoteQty": "11.62910",
      "time": 1690807729452,
      "isBuyerMaker": true
   },
   {
      "id": 954041066,
      "price": "0.31430",
      "qty": "393",
      "quoteQty": "123.51990",
      "time": 1690807733351,
      "isBuyerMaker": true
   },
   {
      "id": 954041067,
      "price": "0.31430",
      "qty": "613",
      "quoteQty": "192.66590",
      "time": 1690807733351,
      "isBuyerMaker": true
   },
   {
      "id": 954041068,
      "price": "0.31440",
      "qty": "659",
      "quoteQty": "207.18960",
      "time": 1690807734961,
      "isBuyerMaker": false
   },
   {
      "id": 954041069,
      "price": "0.31440",
      "qty": "731",
      "quoteQty": "229.82640",
      "time": 1690807737469,
      "isBuyerMaker": false
   },
   {
      "id": 954041070,
      "price": "0.31440",
      "qty": "52",
      "quoteQty": "16.34880",
      "time": 1690807738267,
      "isBuyerMaker": false
   },
   {
      "id": 954041071,
      "price": "0.31430",
      "qty": "9387",
      "quoteQty": "2950.33410",
      "time": 1690807739331,
      "isBuyerMaker": true
   },
   {
      "id": 954041072,
      "price": "0.31430",
      "qty": "40",
      "quoteQty": "12.57200",
      "time": 1690807739331,
      "isBuyerMaker": true
   },
   {
      "id": 954041073,
      "price": "0.31430",
      "qty": "16",
      "quoteQty": "5.02880",
      "time": 1690807739331,
      "isBuyerMaker": true
   },
   {
      "id": 954041074,
      "price": "0.31430",
      "qty": "112",
      "quoteQty": "35.20160",
      "time": 1690807739331,
      "isBuyerMaker": true
   },
   {
      "id": 954041075,
      "price": "0.31430",
      "qty": "5356",
      "quoteQty": "1683.39080",
      "time": 1690807739331,
      "isBuyerMaker": true
   },
   {
      "id": 954041076,
      "price": "0.31440",
      "qty": "668",
      "quoteQty": "210.01920",
      "time": 1690807740791,
      "isBuyerMaker": false
   },
   {
      "id": 954041077,
      "price": "0.31440",
      "qty": "398",
      "quoteQty": "125.13120",
      "time": 1690807742056,
      "isBuyerMaker": false
   },
   {
      "id": 954041078,
      "price": "0.31430",
      "qty": "147",
      "quoteQty": "46.20210",
      "time": 1690807742567,
      "isBuyerMaker": true
   },
   {
      "id": 954041079,
      "price": "0.31440",
      "qty": "159",
      "quoteQty": "49.98960",
      "time": 1690807744043,
      "isBuyerMaker": false
   },
   {
      "id": 954041080,
      "price": "0.31440",
      "qty": "332",
      "quoteQty": "104.38080",
      "time": 1690807747037,
      "isBuyerMaker": false
   },
   {
      "id": 954041081,
      "price": "0.31440",
      "qty": "3631",
      "quoteQty": "1141.58640",
      "time": 1690807750832,
      "isBuyerMaker": false
   },
   {
      "id": 954041082,
      "price": "0.31440",
      "qty": "16",
      "quoteQty": "5.03040",
      "time": 1690807750832,
      "isBuyerMaker": false
   },
   {
      "id": 954041083,
      "price": "0.31440",
      "qty": "40",
      "quoteQty": "12.57600",
      "time": 1690807750832,
      "isBuyerMaker": false
   },
   {
      "id": 954041084,
      "price": "0.31440",
      "qty": "17",
      "quoteQty": "5.34480",
      "time": 1690807750832,
      "isBuyerMaker": false
   },
   {
      "id": 954041085,
      "price": "0.31440",
      "qty": "4325",
      "quoteQty": "1359.78000",
      "time": 1690807750832,
      "isBuyerMaker": false
   },
   {
      "id": 954041086,
      "price": "0.31440",
      "qty": "1256",
      "quoteQty": "394.88640",
      "time": 1690807750832,
      "isBuyerMaker": false
   },
   {
      "id": 954041087,
      "price": "0.31440",
      "qty": "685",
      "quoteQty": "215.36400",
      "time": 1690807750832,
      "isBuyerMaker": false
   },
   {
      "id": 954041088,
      "price": "0.31440",
      "qty": "238",
      "quoteQty": "74.82720",
      "time": 1690807750832,
      "isBuyerMaker": false
   },
   {
      "id": 954041089,
      "price": "0.31440",
      "qty": "15807",
      "quoteQty": "4969.72080",
      "time": 1690807750832,
      "isBuyerMaker": false
   },
   {
      "id": 954041090,
      "price": "0.31440",
      "qty": "435",
      "quoteQty": "136.76400",
      "time": 1690807751868,
      "isBuyerMaker": false
   },
   {
      "id": 954041091,
      "price": "0.31440",
      "qty": "280",
      "quoteQty": "88.03200",
      "time": 1690807752918,
      "isBuyerMaker": false
   },
   {
      "id": 954041092,
      "price": "0.31440",
      "qty": "47",
      "quoteQty": "14.77680",
      "time": 1690807754126,
      "isBuyerMaker": false
   },
   {
      "id": 954041093,
      "price": "0.31440",
      "qty": "4925",
      "quoteQty": "1548.42000",
      "time": 1690807755801,
      "isBuyerMaker": false
   },
   {
      "id": 954041094,
      "price": "0.31440",
      "qty": "978",
      "quoteQty": "307.48320",
      "time": 1690807762006,
      "isBuyerMaker": false
   },
   {
      "id": 954041095,
      "price": "0.31440",
      "qty": "9958",
      "quoteQty": "3130.79520",
      "time": 1690807762699,
      "isBuyerMaker": false
   },
   {
      "id": 954041096,
      "price": "0.31440",
      "qty": "143",
      "quoteQty": "44.95920",
      "time": 1690807762699,
      "isBuyerMaker": false
   },
   {
      "id": 954041097,
      "price": "0.31440",
      "qty": "17",
      "quoteQty": "5.34480",
      "time": 1690807762699,
      "isBuyerMaker": false
   },
   {
      "id": 954041098,
      "price": "0.31440",
      "qty": "76",
      "quoteQty": "23.89440",
      "time": 1690807762699,
      "isBuyerMaker": false
   },
   {
      "id": 954041099,
      "price": "0.31440",
      "qty": "16",
      "quoteQty": "5.03040",
      "time": 1690807762699,
      "isBuyerMaker": false
   },
   {
      "id": 954041100,
      "price": "0.31440",
      "qty": "40",
      "quoteQty": "12.57600",
      "time": 1690807762699,
      "isBuyerMaker": false
   },
   {
      "id": 954041101,
      "price": "0.31440",
      "qty": "265",
      "quoteQty": "83.31600",
      "time": 1690807762699,
      "isBuyerMaker": false
   },
   {
      "id": 954041102,
      "price": "0.31440",
      "qty": "17",
      "quoteQty": "5.34480",
      "time": 1690807762699,
      "isBuyerMaker": false
   },
   {
      "id": 954041103,
      "price": "0.31440",
      "qty": "1278",
      "quoteQty": "401.80320",
      "time": 1690807762699,
      "isBuyerMaker": false
   },
   {
      "id": 954041104,
      "price": "0.31440",
      "qty": "18984",
      "quoteQty": "5968.56960",
      "time": 1690807762699,
      "isBuyerMaker": false
   },
   {
      "id": 954041105,
      "price": "0.31440",
      "qty": "3639",
      "quoteQty": "1144.10160",
      "time": 1690807762708,
      "isBuyerMaker": false
   },
   {
      "id": 954041106,
      "price": "0.31440",
      "qty": "9827",
      "quoteQty": "3089.60880",
      "time": 1690807762708,
      "isBuyerMaker": false
   },
   {
      "id": 954041107,
      "price": "0.31440",
      "qty": "1520",
      "quoteQty": "477.88800",
      "time": 1690807762708,
      "isBuyerMaker": false
   },
   {
      "id": 954041108,
      "price": "0.31440",
      "qty": "1394",
      "quoteQty": "438.27360",
      "time": 1690807762708,
      "isBuyerMaker": false
   },
   {
      "id": 954041109,
      "price": "0.31440",
      "qty": "159",
      "quoteQty": "49.98960",
      "time": 1690807762708,
      "isBuyerMaker": false
   },
   {
      "id": 954041110,
      "price": "0.31440",
      "qty": "6328",
      "quoteQty": "1989.52320",
      "time": 1690807762716,
      "isBuyerMaker": false
   },
   {
      "id": 954041111,
      "price": "0.31440",
      "qty": "1624",
      "quoteQty": "510.58560",
      "time": 1690807762716,
      "isBuyerMaker": false
   },
   {
      "id": 954041112,
      "price": "0.31440",
      "qty": "1133",
      "quoteQty": "356.21520",
      "time": 1690807762733,
      "isBuyerMaker": false
   },
   {
      "id": 954041113,
      "price": "0.31440",
      "qty": "938",
      "quoteQty": "294.90720",
      "time": 1690807762733,
      "isBuyerMaker": false
   },
   {
      "id": 954041114,
      "price": "0.31440",
      "qty": "171",
      "quoteQty": "53.76240",
      "time": 1690807762733,
      "isBuyerMaker": false
   },
   {
      "id": 954041115,
      "price": "0.31440",
      "qty": "1122",
      "quoteQty": "352.75680",
      "time": 1690807762733,
      "isBuyerMaker": false
   },
   {
      "id": 954041116,
      "price": "0.31440",
      "qty": "16",
      "quoteQty": "5.03040",
      "time": 1690807762733,
      "isBuyerMaker": false
   },
   {
      "id": 954041117,
      "price": "0.31440",
      "qty": "40",
      "quoteQty": "12.57600",
      "time": 1690807762733,
      "isBuyerMaker": false
   },
   {
      "id": 954041118,
      "price": "0.31450",
      "qty": "1427",
      "quoteQty": "448.79150",
      "time": 1690807762733,
      "isBuyerMaker": false
   },
   {
      "id": 954041119,
      "price": "0.31450",
      "qty": "3358",
      "quoteQty": "1056.09100",
      "time": 1690807762734,
      "isBuyerMaker": false
   },
   {
      "id": 954041120,
      "price": "0.31450",
      "qty": "1679",
      "quoteQty": "528.04550",
      "time": 1690807762734,
      "isBuyerMaker": false
   },
   {
      "id": 954041121,
      "price": "0.31450",
      "qty": "778",
      "quoteQty": "244.68100",
      "time": 1690807762734,
      "isBuyerMaker": false
   },
   {
      "id": 954041122,
      "price": "0.31450",
      "qty": "24",
      "quoteQty": "7.54800",
      "time": 1690807762822,
      "isBuyerMaker": false
   },
   {
      "id": 954041123,
      "price": "0.31450",
      "qty": "320",
      "quoteQty": "100.64000",
      "time": 1690807765823,
      "isBuyerMaker": false
   },
   {
      "id": 954041124,
      "price": "0.31450",
      "qty": "40",
      "quoteQty": "12.58000",
      "time": 1690807765823,
      "isBuyerMaker": false
   },
   {
      "id": 954041125,
      "price": "0.31450",
      "qty": "16",
      "quoteQty": "5.03200",
      "time": 1690807765823,
      "isBuyerMaker": false
   },
   {
      "id": 954041126,
      "price": "0.31450",
      "qty": "879",
      "quoteQty": "276.44550",
      "time": 1690807765823,
      "isBuyerMaker": false
   },
   {
      "id": 954041127,
      "price": "0.31450",
      "qty": "575",
      "quoteQty": "180.83750",
      "time": 1690807765823,
      "isBuyerMaker": false
   },
   {
      "id": 954041128,
      "price": "0.31450",
      "qty": "36",
      "quoteQty": "11.32200",
      "time": 1690807769338,
      "isBuyerMaker": false
   },
   {
      "id": 954041129,
      "price": "0.31440",
      "qty": "954",
      "quoteQty": "299.93760",
      "time": 1690807770748,
      "isBuyerMaker": true
   },
   {
      "id": 954041130,
      "price": "0.31440",
      "qty": "15626",
      "quoteQty": "4912.81440",
      "time": 1690807770774,
      "isBuyerMaker": true
   },
   {
      "id": 954041131,
      "price": "0.31440",
      "qty": "5742",
      "quoteQty": "1805.28480",
      "time": 1690807770774,
      "isBuyerMaker": true
   },
   {
      "id": 954041132,
      "price": "0.31450",
      "qty": "6359",
      "quoteQty": "1999.90550",
      "time": 1690807771100,
      "isBuyerMaker": false
   },
   {
      "id": 954041133,
      "price": "0.31450",
      "qty": "191",
      "quoteQty": "60.06950",
      "time": 1690807772960,
      "isBuyerMaker": false
   },
   {
      "id": 954041134,
      "price": "0.31450",
      "qty": "85",
      "quoteQty": "26.73250",
      "time": 1690807773582,
      "isBuyerMaker": false
   },
   {
      "id": 954041135,
      "price": "0.31440",
      "qty": "210",
      "quoteQty": "66.02400",
      "time": 1690807775787,
      "isBuyerMaker": true
   },
   {
      "id": 954041136,
      "price": "0.31440",
      "qty": "67",
      "quoteQty": "21.06480",
      "time": 1690807778072,
      "isBuyerMaker": true
   },
   {
      "id": 954041137,
      "price": "0.31450",
      "qty": "18",
      "quoteQty": "5.66100",
      "time": 1690807780042,
      "isBuyerMaker": false
   },
   {
      "id": 954041138,
      "price": "0.31450",
      "qty": "19",
      "quoteQty": "5.97550",
      "time": 1690807782073,
      "isBuyerMaker": false
   },
   {
      "id": 954041139,
      "price": "0.31440",
      "qty": "1661",
      "quoteQty": "522.21840",
      "time": 1690807782541,
      "isBuyerMaker": true
   },
   {
      "id": 954041140,
      "price": "0.31440",
      "qty": "2080",
      "quoteQty": "653.95200",
      "time": 1690807782904,
      "isBuyerMaker": true
   },
   {
      "id": 954041141,
      "price": "0.31450",
      "qty": "642",
      "quoteQty": "201.90900",
      "time": 1690807793534,
      "isBuyerMaker": false
   },
   {
      "id": 954041142,
      "price": "0.31450",
      "qty": "513",
      "quoteQty": "161.33850",
      "time": 1690807799646,
      "isBuyerMaker": false
   },
   {
      "id": 954041143,
      "price": "0.31440",
      "qty": "6757",
      "quoteQty": "2124.40080",
      "time": 1690807800723,
      "isBuyerMaker": true
   },
   {
      "id": 954041144,
      "price": "0.31440",
      "qty": "3028",
      "quoteQty": "952.00320",
      "time": 1690807800723,
      "isBuyerMaker": true
   },
   {
      "id": 954041145,
      "price": "0.31450",
      "qty": "52",
      "quoteQty": "16.35400",
      "time": 1690807800905,
      "isBuyerMaker": false
   },
   {
      "id": 954041146,
      "price": "0.31440",
      "qty": "14911",
      "quoteQty": "4688.01840",
      "time": 1690807805249,
      "isBuyerMaker": true
   },
   {
      "id": 954041147,
      "price": "0.31440",
      "qty": "22",
      "quoteQty": "6.91680",
      "time": 1690807806054,
      "isBuyerMaker": true
   },
   {
      "id": 954041148,
      "price": "0.31440",
      "qty": "1210",
      "quoteQty": "380.42400",
      "time": 1690807813919,
      "isBuyerMaker": true
   },
   {
      "id": 954041149,
      "price": "0.31440",
      "qty": "1485",
      "quoteQty": "466.88400",
      "time": 1690807813919,
      "isBuyerMaker": true
   },
   {
      "id": 954041150,
      "price": "0.31450",
      "qty": "4925",
      "quoteQty": "1548.91250",
      "time": 1690807814198,
      "isBuyerMaker": false
   },
   {
      "id": 954041151,
      "price": "0.31440",
      "qty": "435",
      "quoteQty": "136.76400",
      "time": 1690807814746,
      "isBuyerMaker": true
   },
   {
      "id": 954041152,
      "price": "0.31440",
      "qty": "673",
      "quoteQty": "211.59120",
      "time": 1690807817620,
      "isBuyerMaker": true
   },
   {
      "id": 954041153,
      "price": "0.31440",
      "qty": "2507",
      "quoteQty": "788.20080",
      "time": 1690807818407,
      "isBuyerMaker": true
   },
   {
      "id": 954041154,
      "price": "0.31440",
      "qty": "644",
      "quoteQty": "202.47360",
      "time": 1690807818407,
      "isBuyerMaker": true
   },
   {
      "id": 954041155,
      "price": "0.31440",
      "qty": "16",
      "quoteQty": "5.03040",
      "time": 1690807818407,
      "isBuyerMaker": true
   },
   {
      "id": 954041156,
      "price": "0.31440",
      "qty": "387",
      "quoteQty": "121.67280",
      "time": 1690807818407,
      "isBuyerMaker": true
   },
   {
      "id": 954041157,
      "price": "0.31440",
      "qty": "387",
      "quoteQty": "121.67280",
      "time": 1690807818407,
      "isBuyerMaker": true
   },
   {
      "id": 954041158,
      "price": "0.31440",
      "qty": "40",
      "quoteQty": "12.57600",
      "time": 1690807818407,
      "isBuyerMaker": true
   },
   {
      "id": 954041159,
      "price": "0.31440",
      "qty": "387",
      "quoteQty": "121.67280",
      "time": 1690807818407,
      "isBuyerMaker": true
   },
   {
      "id": 954041160,
      "price": "0.31440",
      "qty": "386",
      "quoteQty": "121.35840",
      "time": 1690807818407,
      "isBuyerMaker": true
   },
   {
      "id": 954041161,
      "price": "0.31440",
      "qty": "386",
      "quoteQty": "121.35840",
      "time": 1690807818407,
      "isBuyerMaker": true
   },
   {
      "id": 954041162,
      "price": "0.31440",
      "qty": "88",
      "quoteQty": "27.66720",
      "time": 1690807818407,
      "isBuyerMaker": true
   },
   {
      "id": 954041163,
      "price": "0.31440",
      "qty": "386",
      "quoteQty": "121.35840",
      "time": 1690807818407,
      "isBuyerMaker": true
   },
   {
      "id": 954041164,
      "price": "0.31440",
      "qty": "386",
      "quoteQty": "121.35840",
      "time": 1690807818407,
      "isBuyerMaker": true
   },
   {
      "id": 954041165,
      "price": "0.31440",
      "qty": "386",
      "quoteQty": "121.35840",
      "time": 1690807818407,
      "isBuyerMaker": true
   },
   {
      "id": 954041166,
      "price": "0.31440",
      "qty": "34",
      "quoteQty": "10.68960",
      "time": 1690807818407,
      "isBuyerMaker": true
   },
   {
      "id": 954041167,
      "price": "0.31440",
      "qty": "389",
      "quoteQty": "122.30160",
      "time": 1690807818407,
      "isBuyerMaker": true
   },
   {
      "id": 954041168,
      "price": "0.31440",
      "qty": "386",
      "quoteQty": "121.35840",
      "time": 1690807818407,
      "isBuyerMaker": true
   },
   {
      "id": 954041169,
      "price": "0.31440",
      "qty": "1314",
      "quoteQty": "413.12160",
      "time": 1690807818407,
      "isBuyerMaker": true
   },
   {
      "id": 954041170,
      "price": "0.31440",
      "qty": "2939",
      "quoteQty": "924.02160",
      "time": 1690807818407,
      "isBuyerMaker": true
   },
   {
      "id": 954041171,
      "price": "0.31440",
      "qty": "21742",
      "quoteQty": "6835.68480",
      "time": 1690807818417,
      "isBuyerMaker": true
   },
   {
      "id": 954041172,
      "price": "0.31440",
      "qty": "1340",
      "quoteQty": "421.29600",
      "time": 1690807818417,
      "isBuyerMaker": true
   },
   {
      "id": 954041173,
      "price": "0.31440",
      "qty": "1314",
      "quoteQty": "413.12160",
      "time": 1690807818417,
      "isBuyerMaker": true
   },
   {
      "id": 954041174,
      "price": "0.31440",
      "qty": "74",
      "quoteQty": "23.26560",
      "time": 1690807818417,
      "isBuyerMaker": true
   },
   {
      "id": 954041175,
      "price": "0.31440",
      "qty": "19",
      "quoteQty": "5.97360",
      "time": 1690807818417,
      "isBuyerMaker": true
   },
   {
      "id": 954041176,
      "price": "0.31440",
      "qty": "84",
      "quoteQty": "26.40960",
      "time": 1690807818417,
      "isBuyerMaker": true
   },
   {
      "id": 954041177,
      "price": "0.31440",
      "qty": "893",
      "quoteQty": "280.75920",
      "time": 1690807818417,
      "isBuyerMaker": true
   },
   {
      "id": 954041178,
      "price": "0.31440",
      "qty": "172",
      "quoteQty": "54.07680",
      "time": 1690807818417,
      "isBuyerMaker": true
   },
   {
      "id": 954041179,
      "price": "0.31440",
      "qty": "6555",
      "quoteQty": "2060.89200",
      "time": 1690807818417,
      "isBuyerMaker": true
   },
   {
      "id": 954041180,
      "price": "0.31440",
      "qty": "31",
      "quoteQty": "9.74640",
      "time": 1690807818417,
      "isBuyerMaker": true
   },
   {
      "id": 954041181,
      "price": "0.31440",
      "qty": "1830",
      "quoteQty": "575.35200",
      "time": 1690807818417,
      "isBuyerMaker": true
   },
   {
      "id": 954041182,
      "price": "0.31440",
      "qty": "175",
      "quoteQty": "55.02000",
      "time": 1690807818417,
      "isBuyerMaker": true
   },
   {
      "id": 954041183,
      "price": "0.31440",
      "qty": "590",
      "quoteQty": "185.49600",
      "time": 1690807818417,
      "isBuyerMaker": true
   },
   {
      "id": 954041184,
      "price": "0.31440",
      "qty": "83",
      "quoteQty": "26.09520",
      "time": 1690807818417,
      "isBuyerMaker": true
   },
   {
      "id": 954041185,
      "price": "0.31440",
      "qty": "684",
      "quoteQty": "215.04960",
      "time": 1690807818417,
      "isBuyerMaker": true
   },
   {
      "id": 954041186,
      "price": "0.31440",
      "qty": "686",
      "quoteQty": "215.67840",
      "time": 1690807818428,
      "isBuyerMaker": true
   },
   {
      "id": 954041187,
      "price": "0.31440",
      "qty": "292",
      "quoteQty": "91.80480",
      "time": 1690807818428,
      "isBuyerMaker": true
   },
   {
      "id": 954041188,
      "price": "0.31440",
      "qty": "38",
      "quoteQty": "11.94720",
      "time": 1690807818428,
      "isBuyerMaker": true
   },
   {
      "id": 954041189,
      "price": "0.31440",
      "qty": "41",
      "quoteQty": "12.89040",
      "time": 1690807818428,
      "isBuyerMaker": true
   },
   {
      "id": 954041190,
      "price": "0.31440",
      "qty": "82",
      "quoteQty": "25.78080",
      "time": 1690807818428,
      "isBuyerMaker": true
   },
   {
      "id": 954041191,
      "price": "0.31440",
      "qty": "1272",
      "quoteQty": "399.91680",
      "time": 1690807818428,
      "isBuyerMaker": true
   },
   {
      "id": 954041192,
      "price": "0.31440",
      "qty": "574",
      "quoteQty": "180.46560",
      "time": 1690807818428,
      "isBuyerMaker": true
   },
   {
      "id": 954041193,
      "price": "0.31440",
      "qty": "63",
      "quoteQty": "19.80720",
      "time": 1690807818428,
      "isBuyerMaker": true
   },
   {
      "id": 954041194,
      "price": "0.31440",
      "qty": "233",
      "quoteQty": "73.25520",
      "time": 1690807818428,
      "isBuyerMaker": true
   },
   {
      "id": 954041195,
      "price": "0.31440",
      "qty": "25",
      "quoteQty": "7.86000",
      "time": 1690807818894,
      "isBuyerMaker": false
   },
   {
      "id": 954041196,
      "price": "0.31440",
      "qty": "80",
      "quoteQty": "25.15200",
      "time": 1690807823931,
      "isBuyerMaker": false
   },
   {
      "id": 954041197,
      "price": "0.31440",
      "qty": "113",
      "quoteQty": "35.52720",
      "time": 1690807824018,
      "isBuyerMaker": false
   },
   {
      "id": 954041198,
      "price": "0.31430",
      "qty": "244",
      "quoteQty": "76.68920",
      "time": 1690807825408,
      "isBuyerMaker": true
   },
   {
      "id": 954041199,
      "price": "0.31430",
      "qty": "2988",
      "quoteQty": "939.12840",
      "time": 1690807825553,
      "isBuyerMaker": true
   },
   {
      "id": 954041200,
      "price": "0.31430",
      "qty": "982",
      "quoteQty": "308.64260",
      "time": 1690807826680,
      "isBuyerMaker": true
   },
   {
      "id": 954041201,
      "price": "0.31430",
      "qty": "112",
      "quoteQty": "35.20160",
      "time": 1690807826825,
      "isBuyerMaker": true
   },
   {
      "id": 954041202,
      "price": "0.31440",
      "qty": "23",
      "quoteQty": "7.23120",
      "time": 1690807826868,
      "isBuyerMaker": false
   },
   {
      "id": 954041203,
      "price": "0.31440",
      "qty": "23",
      "quoteQty": "7.23120",
      "time": 1690807826881,
      "isBuyerMaker": false
   },
   {
      "id": 954041204,
      "price": "0.31430",
      "qty": "2982",
      "quoteQty": "937.24260",
      "time": 1690807827787,
      "isBuyerMaker": true
   },
   {
      "id": 954041205,
      "price": "0.31430",
      "qty": "974",
      "quoteQty": "306.12820",
      "time": 1690807828413,
      "isBuyerMaker": true
   },
   {
      "id": 954041206,
      "price": "0.31430",
      "qty": "192",
      "quoteQty": "60.34560",
      "time": 1690807830181,
      "isBuyerMaker": true
   },
   {
      "id": 954041207,
      "price": "0.31440",
      "qty": "3181",
      "quoteQty": "1000.10640",
      "time": 1690807831896,
      "isBuyerMaker": false
   },
   {
      "id": 954041208,
      "price": "0.31430",
      "qty": "182",
      "quoteQty": "57.20260",
      "time": 1690807834122,
      "isBuyerMaker": true
   },
   {
      "id": 954041209,
      "price": "0.31440",
      "qty": "73",
      "quoteQty": "22.95120",
      "time": 1690807835470,
      "isBuyerMaker": false
   },
   {
      "id": 954041210,
      "price": "0.31430",
      "qty": "5027",
      "quoteQty": "1579.98610",
      "time": 1690807837103,
      "isBuyerMaker": true
   },
   {
      "id": 954041211,
      "price": "0.31430",
      "qty": "5378",
      "quoteQty": "1690.30540",
      "time": 1690807837103,
      "isBuyerMaker": true
   },
   {
      "id": 954041212,
      "price": "0.31430",
      "qty": "6273",
      "quoteQty": "1971.60390",
      "time": 1690807837103,
      "isBuyerMaker": true
   },
   {
      "id": 954041213,
      "price": "0.31430",
      "qty": "806",
      "quoteQty": "253.32580",
      "time": 1690807837103,
      "isBuyerMaker": true
   },
   {
      "id": 954041214,
      "price": "0.31430",
      "qty": "12327",
      "quoteQty": "3874.37610",
      "time": 1690807837107,
      "isBuyerMaker": true
   },
   {
      "id": 954041215,
      "price": "0.31430",
      "qty": "8619",
      "quoteQty": "2708.95170",
      "time": 1690807837108,
      "isBuyerMaker": true
   },
   {
      "id": 954041216,
      "price": "0.31430",
      "qty": "9538",
      "quoteQty": "2997.79340",
      "time": 1690807837147,
      "isBuyerMaker": true
   },
   {
      "id": 954041217,
      "price": "0.31430",
      "qty": "10177",
      "quoteQty": "3198.63110",
      "time": 1690807837214,
      "isBuyerMaker": true
   },
   {
      "id": 954041218,
      "price": "0.31430",
      "qty": "85799",
      "quoteQty": "26966.62570",
      "time": 1690807837223,
      "isBuyerMaker": true
   },
   {
      "id": 954041219,
      "price": "0.31430",
      "qty": "16",
      "quoteQty": "5.02880",
      "time": 1690807837223,
      "isBuyerMaker": true
   },
   {
      "id": 954041220,
      "price": "0.31430",
      "qty": "40",
      "quoteQty": "12.57200",
      "time": 1690807837223,
      "isBuyerMaker": true
   },
   {
      "id": 954041221,
      "price": "0.31430",
      "qty": "47",
      "quoteQty": "14.77210",
      "time": 1690807837223,
      "isBuyerMaker": true
   },
   {
      "id": 954041222,
      "price": "0.31430",
      "qty": "17",
      "quoteQty": "5.34310",
      "time": 1690807837223,
      "isBuyerMaker": true
   },
   {
      "id": 954041223,
      "price": "0.31430",
      "qty": "160",
      "quoteQty": "50.28800",
      "time": 1690807837223,
      "isBuyerMaker": true
   },
   {
      "id": 954041224,
      "price": "0.31430",
      "qty": "32",
      "quoteQty": "10.05760",
      "time": 1690807837223,
      "isBuyerMaker": true
   },
   {
      "id": 954041225,
      "price": "0.31430",
      "qty": "1732",
      "quoteQty": "544.36760",
      "time": 1690807837223,
      "isBuyerMaker": true
   },
   {
      "id": 954041226,
      "price": "0.31430",
      "qty": "34",
      "quoteQty": "10.68620",
      "time": 1690807837223,
      "isBuyerMaker": true
   },
   {
      "id": 954041227,
      "price": "0.31430",
      "qty": "171",
      "quoteQty": "53.74530",
      "time": 1690807837223,
      "isBuyerMaker": true
   },
   {
      "id": 954041228,
      "price": "0.31430",
      "qty": "74",
      "quoteQty": "23.25820",
      "time": 1690807837223,
      "isBuyerMaker": true
   },
   {
      "id": 954041229,
      "price": "0.31430",
      "qty": "168",
      "quoteQty": "52.80240",
      "time": 1690807837223,
      "isBuyerMaker": true
   },
   {
      "id": 954041230,
      "price": "0.31430",
      "qty": "156",
      "quoteQty": "49.03080",
      "time": 1690807837223,
      "isBuyerMaker": true
   },
   {
      "id": 954041231,
      "price": "0.31430",
      "qty": "708",
      "quoteQty": "222.52440",
      "time": 1690807837223,
      "isBuyerMaker": true
   },
   {
      "id": 954041232,
      "price": "0.31420",
      "qty": "954",
      "quoteQty": "299.74680",
      "time": 1690807839024,
      "isBuyerMaker": true
   },
   {
      "id": 954041233,
      "price": "0.31420",
      "qty": "3934",
      "quoteQty": "1236.06280",
      "time": 1690807839024,
      "isBuyerMaker": true
   },
   {
      "id": 954041234,
      "price": "0.31430",
      "qty": "2325",
      "quoteQty": "730.74750",
      "time": 1690807841403,
      "isBuyerMaker": false
   },
   {
      "id": 954041235,
      "price": "0.31430",
      "qty": "603",
      "quoteQty": "189.52290",
      "time": 1690807843948,
      "isBuyerMaker": false
   },
   {
      "id": 954041236,
      "price": "0.31420",
      "qty": "5000",
      "quoteQty": "1571.00000",
      "time": 1690807844158,
      "isBuyerMaker": true
   },
   {
      "id": 954041237,
      "price": "0.31420",
      "qty": "20",
      "quoteQty": "6.28400",
      "time": 1690807846060,
      "isBuyerMaker": true
   },
   {
      "id": 954041238,
      "price": "0.31420",
      "qty": "20",
      "quoteQty": "6.28400",
      "time": 1690807846485,
      "isBuyerMaker": true
   },
   {
      "id": 954041239,
      "price": "0.31420",
      "qty": "20",
      "quoteQty": "6.28400",
      "time": 1690807847087,
      "isBuyerMaker": true
   },
   {
      "id": 954041240,
      "price": "0.31420",
      "qty": "20",
      "quoteQty": "6.28400",
      "time": 1690807847764,
      "isBuyerMaker": true
   },
   {
      "id": 954041241,
      "price": "0.31420",
      "qty": "20",
      "quoteQty": "6.28400",
      "time": 1690807848572,
      "isBuyerMaker": true
   },
   {
      "id": 954041242,
      "price": "0.31420",
      "qty": "1230",
      "quoteQty": "386.46600",
      "time": 1690807848919,
      "isBuyerMaker": true
   },
   {
      "id": 954041243,
      "price": "0.31430",
      "qty": "16205",
      "quoteQty": "5093.23150",
      "time": 1690807852277,
      "isBuyerMaker": false
   },
   {
      "id": 954041244,
      "price": "0.31430",
      "qty": "3745",
      "quoteQty": "1177.05350",
      "time": 1690807852277,
      "isBuyerMaker": false
   },
   {
      "id": 954041245,
      "price": "0.31430",
      "qty": "216",
      "quoteQty": "67.88880",
      "time": 1690807852693,
      "isBuyerMaker": false
   },
   {
      "id": 954041246,
      "price": "0.31420",
      "qty": "63",
      "quoteQty": "19.79460",
      "time": 1690807854253,
      "isBuyerMaker": true
   },
   {
      "id": 954041247,
      "price": "0.31430",
      "qty": "32",
      "quoteQty": "10.05760",
      "time": 1690807856158,
      "isBuyerMaker": false
   },
   {
      "id": 954041248,
      "price": "0.31420",
      "qty": "128",
      "quoteQty": "40.21760",
      "time": 1690807857606,
      "isBuyerMaker": true
   },
   {
      "id": 954041249,
      "price": "0.31430",
      "qty": "128",
      "quoteQty": "40.23040",
      "time": 1690807858968,
      "isBuyerMaker": false
   },
   {
      "id": 954041250,
      "price": "0.31420",
      "qty": "923",
      "quoteQty": "290.00660",
      "time": 1690807860990,
      "isBuyerMaker": true
   },
   {
      "id": 954041251,
      "price": "0.31420",
      "qty": "17",
      "quoteQty": "5.34140",
      "time": 1690807860990,
      "isBuyerMaker": true
   },
   {
      "id": 954041252,
      "price": "0.31420",
      "qty": "17",
      "quoteQty": "5.34140",
      "time": 1690807860990,
      "isBuyerMaker": true
   },
   {
      "id": 954041253,
      "price": "0.31420",
      "qty": "318",
      "quoteQty": "99.91560",
      "time": 1690807860990,
      "isBuyerMaker": true
   },
   {
      "id": 954041254,
      "price": "0.31420",
      "qty": "1643",
      "quoteQty": "516.23060",
      "time": 1690807860990,
      "isBuyerMaker": true
   },
   {
      "id": 954041255,
      "price": "0.31420",
      "qty": "30",
      "quoteQty": "9.42600",
      "time": 1690807860990,
      "isBuyerMaker": true
   },
   {
      "id": 954041256,
      "price": "0.31420",
      "qty": "58",
      "quoteQty": "18.22360",
      "time": 1690807860990,
      "isBuyerMaker": true
   },
   {
      "id": 954041257,
      "price": "0.31420",
      "qty": "17",
      "quoteQty": "5.34140",
      "time": 1690807860990,
      "isBuyerMaker": true
   },
   {
      "id": 954041258,
      "price": "0.31420",
      "qty": "40",
      "quoteQty": "12.56800",
      "time": 1690807860990,
      "isBuyerMaker": true
   },
   {
      "id": 954041259,
      "price": "0.31420",
      "qty": "16",
      "quoteQty": "5.02720",
      "time": 1690807860990,
      "isBuyerMaker": true
   },
   {
      "id": 954041260,
      "price": "0.31420",
      "qty": "19244",
      "quoteQty": "6046.46480",
      "time": 1690807860990,
      "isBuyerMaker": true
   },
   {
      "id": 954041261,
      "price": "0.31420",
      "qty": "331",
      "quoteQty": "104.00020",
      "time": 1690807860990,
      "isBuyerMaker": true
   },
   {
      "id": 954041262,
      "price": "0.31420",
      "qty": "17",
      "quoteQty": "5.34140",
      "time": 1690807860990,
      "isBuyerMaker": true
   },
   {
      "id": 954041263,
      "price": "0.31420",
      "qty": "185",
      "quoteQty": "58.12700",
      "time": 1690807860990,
      "isBuyerMaker": true
   },
   {
      "id": 954041264,
      "price": "0.31420",
      "qty": "31",
      "quoteQty": "9.74020",
      "time": 1690807860990,
      "isBuyerMaker": true
   },
   {
      "id": 954041265,
      "price": "0.31420",
      "qty": "31",
      "quoteQty": "9.74020",
      "time": 1690807860990,
      "isBuyerMaker": true
   },
   {
      "id": 954041266,
      "price": "0.31420",
      "qty": "31",
      "quoteQty": "9.74020",
      "time": 1690807860990,
      "isBuyerMaker": true
   },
   {
      "id": 954041267,
      "price": "0.31420",
      "qty": "17",
      "quoteQty": "5.34140",
      "time": 1690807860990,
      "isBuyerMaker": true
   },
   {
      "id": 954041268,
      "price": "0.31420",
      "qty": "17",
      "quoteQty": "5.34140",
      "time": 1690807860990,
      "isBuyerMaker": true
   },
   {
      "id": 954041269,
      "price": "0.31420",
      "qty": "955",
      "quoteQty": "300.06100",
      "time": 1690807860990,
      "isBuyerMaker": true
   },
   {
      "id": 954041270,
      "price": "0.31420",
      "qty": "955",
      "quoteQty": "300.06100",
      "time": 1690807860990,
      "isBuyerMaker": true
   },
   {
      "id": 954041271,
      "price": "0.31420",
      "qty": "955",
      "quoteQty": "300.06100",
      "time": 1690807860990,
      "isBuyerMaker": true
   },
   {
      "id": 954041272,
      "price": "0.31420",
      "qty": "955",
      "quoteQty": "300.06100",
      "time": 1690807860990,
      "isBuyerMaker": true
   },
   {
      "id": 954041273,
      "price": "0.31420",
      "qty": "956",
      "quoteQty": "300.37520",
      "time": 1690807860990,
      "isBuyerMaker": true
   },
   {
      "id": 954041274,
      "price": "0.31420",
      "qty": "956",
      "quoteQty": "300.37520",
      "time": 1690807860990,
      "isBuyerMaker": true
   },
   {
      "id": 954041275,
      "price": "0.31420",
      "qty": "956",
      "quoteQty": "300.37520",
      "time": 1690807860990,
      "isBuyerMaker": true
   },
   {
      "id": 954041276,
      "price": "0.31420",
      "qty": "956",
      "quoteQty": "300.37520",
      "time": 1690807860990,
      "isBuyerMaker": true
   },
   {
      "id": 954041277,
      "price": "0.31420",
      "qty": "956",
      "quoteQty": "300.37520",
      "time": 1690807860991,
      "isBuyerMaker": true
   },
   {
      "id": 954041278,
      "price": "0.31420",
      "qty": "17",
      "quoteQty": "5.34140",
      "time": 1690807860991,
      "isBuyerMaker": true
   },
   {
      "id": 954041279,
      "price": "0.31420",
      "qty": "17",
      "quoteQty": "5.34140",
      "time": 1690807860991,
      "isBuyerMaker": true
   },
   {
      "id": 954041280,
      "price": "0.31420",
      "qty": "17",
      "quoteQty": "5.34140",
      "time": 1690807860991,
      "isBuyerMaker": true
   },
   {
      "id": 954041281,
      "price": "0.31420",
      "qty": "17",
      "quoteQty": "5.34140",
      "time": 1690807860991,
      "isBuyerMaker": true
   },
   {
      "id": 954041282,
      "price": "0.31420",
      "qty": "17",
      "quoteQty": "5.34140",
      "time": 1690807860991,
      "isBuyerMaker": true
   },
   {
      "id": 954041283,
      "price": "0.31420",
      "qty": "17",
      "quoteQty": "5.34140",
      "time": 1690807860991,
      "isBuyerMaker": true
   },
   {
      "id": 954041284,
      "price": "0.31420",
      "qty": "955",
      "quoteQty": "300.06100",
      "time": 1690807860991,
      "isBuyerMaker": true
   },
   {
      "id": 954041285,
      "price": "0.31420",
      "qty": "17",
      "quoteQty": "5.34140",
      "time": 1690807860991,
      "isBuyerMaker": true
   },
   {
      "id": 954041286,
      "price": "0.31420",
      "qty": "17",
      "quoteQty": "5.34140",
      "time": 1690807860991,
      "isBuyerMaker": true
   },
   {
      "id": 954041287,
      "price": "0.31420",
      "qty": "369",
      "quoteQty": "115.93980",
      "time": 1690807860991,
      "isBuyerMaker": true
   },
   {
      "id": 954041288,
      "price": "0.31420",
      "qty": "83",
      "quoteQty": "26.07860",
      "time": 1690807860991,
      "isBuyerMaker": true
   },
   {
      "id": 954041289,
      "price": "0.31420",
      "qty": "47",
      "quoteQty": "14.76740",
      "time": 1690807860991,
      "isBuyerMaker": true
   },
   {
      "id": 954041290,
      "price": "0.31420",
      "qty": "210",
      "quoteQty": "65.98200",
      "time": 1690807860991,
      "isBuyerMaker": true
   },
   {
      "id": 954041291,
      "price": "0.31420",
      "qty": "2378",
      "quoteQty": "747.16760",
      "time": 1690807860991,
      "isBuyerMaker": true
   },
   {
      "id": 954041292,
      "price": "0.31420",
      "qty": "2378",
      "quoteQty": "747.16760",
      "time": 1690807860991,
      "isBuyerMaker": true
   },
   {
      "id": 954041293,
      "price": "0.31420",
      "qty": "6000",
      "quoteQty": "1885.20000",
      "time": 1690807860991,
      "isBuyerMaker": true
   },
   {
      "id": 954041294,
      "price": "0.31420",
      "qty": "9009",
      "quoteQty": "2830.62780",
      "time": 1690807860991,
      "isBuyerMaker": true
   },
   {
      "id": 954041295,
      "price": "0.31420",
      "qty": "2404",
      "quoteQty": "755.33680",
      "time": 1690807862440,
      "isBuyerMaker": true
   },
   {
      "id": 954041296,
      "price": "0.31420",
      "qty": "161",
      "quoteQty": "50.58620",
      "time": 1690807862440,
      "isBuyerMaker": true
   },
   {
      "id": 954041297,
      "price": "0.31420",
      "qty": "83",
      "quoteQty": "26.07860",
      "time": 1690807862440,
      "isBuyerMaker": true
   },
   {
      "id": 954041298,
      "price": "0.31420",
      "qty": "16",
      "quoteQty": "5.02720",
      "time": 1690807862440,
      "isBuyerMaker": true
   },
   {
      "id": 954041299,
      "price": "0.31420",
      "qty": "667",
      "quoteQty": "209.57140",
      "time": 1690807862440,
      "isBuyerMaker": true
   },
   {
      "id": 954041300,
      "price": "0.31420",
      "qty": "40",
      "quoteQty": "12.56800",
      "time": 1690807866917,
      "isBuyerMaker": true
   },
   {
      "id": 954041301,
      "price": "0.31420",
      "qty": "1679",
      "quoteQty": "527.54180",
      "time": 1690807866917,
      "isBuyerMaker": true
   },
   {
      "id": 954041302,
      "price": "0.31420",
      "qty": "1122",
      "quoteQty": "352.53240",
      "time": 1690807866917,
      "isBuyerMaker": true
   },
   {
      "id": 954041303,
      "price": "0.31420",
      "qty": "357",
      "quoteQty": "112.16940",
      "time": 1690807866917,
      "isBuyerMaker": true
   },
   {
      "id": 954041304,
      "price": "0.31430",
      "qty": "80",
      "quoteQty": "25.14400",
      "time": 1690807867725,
      "isBuyerMaker": false
   },
   {
      "id": 954041305,
      "price": "0.31420",
      "qty": "1250",
      "quoteQty": "392.75000",
      "time": 1690807868919,
      "isBuyerMaker": true
   },
   {
      "id": 954041306,
      "price": "0.31420",
      "qty": "16",
      "quoteQty": "5.02720",
      "time": 1690807868919,
      "isBuyerMaker": true
   },
   {
      "id": 954041307,
      "price": "0.31420",
      "qty": "18",
      "quoteQty": "5.65560",
      "time": 1690807868919,
      "isBuyerMaker": true
   },
   {
      "id": 954041308,
      "price": "0.31420",
      "qty": "1182",
      "quoteQty": "371.38440",
      "time": 1690807868919,
      "isBuyerMaker": true
   },
   {
      "id": 954041309,
      "price": "0.31420",
      "qty": "954",
      "quoteQty": "299.74680",
      "time": 1690807870198,
      "isBuyerMaker": true
   },
   {
      "id": 954041310,
      "price": "0.31420",
      "qty": "54",
      "quoteQty": "16.96680",
      "time": 1690807870198,
      "isBuyerMaker": true
   },
   {
      "id": 954041311,
      "price": "0.31420",
      "qty": "6000",
      "quoteQty": "1885.20000",
      "time": 1690807870198,
      "isBuyerMaker": true
   },
   {
      "id": 954041312,
      "price": "0.31420",
      "qty": "986",
      "quoteQty": "309.80120",
      "time": 1690807870198,
      "isBuyerMaker": true
   },
   {
      "id": 954041313,
      "price": "0.31420",
      "qty": "9014",
      "quoteQty": "2832.19880",
      "time": 1690807871341,
      "isBuyerMaker": true
   },
   {
      "id": 954041314,
      "price": "0.31420",
      "qty": "1107",
      "quoteQty": "347.81940",
      "time": 1690807871341,
      "isBuyerMaker": true
   },
   {
      "id": 954041315,
      "price": "0.31420",
      "qty": "1122",
      "quoteQty": "352.53240",
      "time": 1690807871341,
      "isBuyerMaker": true
   },
   {
      "id": 954041316,
      "price": "0.31420",
      "qty": "40",
      "quoteQty": "12.56800",
      "time": 1690807871341,
      "isBuyerMaker": true
   },
   {
      "id": 954041317,
      "price": "0.31420",
      "qty": "1587",
      "quoteQty": "498.63540",
      "time": 1690807871341,
      "isBuyerMaker": true
   },
   {
      "id": 954041318,
      "price": "0.31420",
      "qty": "196",
      "quoteQty": "61.58320",
      "time": 1690807871341,
      "isBuyerMaker": true
   },
   {
      "id": 954041319,
      "price": "0.31420",
      "qty": "1845",
      "quoteQty": "579.69900",
      "time": 1690807871341,
      "isBuyerMaker": true
   },
   {
      "id": 954041320,
      "price": "0.31430",
      "qty": "4926",
      "quoteQty": "1548.24180",
      "time": 1690807872132,
      "isBuyerMaker": false
   },
   {
      "id": 954041321,
      "price": "0.31430",
      "qty": "100",
      "quoteQty": "31.43000",
      "time": 1690807873326,
      "isBuyerMaker": false
   },
   {
      "id": 954041322,
      "price": "0.31430",
      "qty": "16",
      "quoteQty": "5.02880",
      "time": 1690807877455,
      "isBuyerMaker": false
   },
   {
      "id": 954041323,
      "price": "0.31420",
      "qty": "16",
      "quoteQty": "5.02720",
      "time": 1690807877538,
      "isBuyerMaker": true
   },
   {
      "id": 954041324,
      "price": "0.31430",
      "qty": "19",
      "quoteQty": "5.97170",
      "time": 1690807877660,
      "isBuyerMaker": false
   },
   {
      "id": 954041325,
      "price": "0.31420",
      "qty": "1607",
      "quoteQty": "504.91940",
      "time": 1690807882099,
      "isBuyerMaker": true
   },
   {
      "id": 954041326,
      "price": "0.31420",
      "qty": "40",
      "quoteQty": "12.56800",
      "time": 1690807882099,
      "isBuyerMaker": true
   },
   {
      "id": 954041327,
      "price": "0.31420",
      "qty": "438",
      "quoteQty": "137.61960",
      "time": 1690807882099,
      "isBuyerMaker": true
   },
   {
      "id": 954041328,
      "price": "0.31420",
      "qty": "1122",
      "quoteQty": "352.53240",
      "time": 1690807882099,
      "isBuyerMaker": true
   },
   {
      "id": 954041329,
      "price": "0.31420",
      "qty": "559",
      "quoteQty": "175.63780",
      "time": 1690807882099,
      "isBuyerMaker": true
   },
   {
      "id": 954041330,
      "price": "0.31420",
      "qty": "16",
      "quoteQty": "5.02720",
      "time": 1690807882099,
      "isBuyerMaker": true
   },
   {
      "id": 954041331,
      "price": "0.31420",
      "qty": "879",
      "quoteQty": "276.18180",
      "time": 1690807882099,
      "isBuyerMaker": true
   },
   {
      "id": 954041332,
      "price": "0.31420",
      "qty": "10000",
      "quoteQty": "3142.00000",
      "time": 1690807882099,
      "isBuyerMaker": true
   },
   {
      "id": 954041333,
      "price": "0.31420",
      "qty": "4507",
      "quoteQty": "1416.09940",
      "time": 1690807882099,
      "isBuyerMaker": true
   },
   {
      "id": 954041334,
      "price": "0.31430",
      "qty": "22",
      "quoteQty": "6.91460",
      "time": 1690807882354,
      "isBuyerMaker": false
   }
]