[
   {
      "id": 954038244,
      "price": "0.31370",
      "qty": "412",
      "quoteQty": "129.24440",
      "time": 1690806827225,
      "isBuyerMaker": true
   },
   {
      "id": 954038245,
      "price": "0.31380",
      "qty": "1020",
      "quoteQty": "320.07600",
      "time": 1690806827561,
      "isBuyerMaker": false
   },
   {
      "id": 954038246,
      "price": "0.31380",
      "qty": "3120",
      "quoteQty": "979.05600",
      "time": 1690806827561,
      "isBuyerMaker": false
   },
   {
      "id": 954038247,
      "price": "0.31370",
      "qty": "439",
      "quoteQty": "137.71430",
      "time": 1690806829476,
      "isBuyerMaker": true
   },
   {
      "id": 954038248,
      "price": "0.31380",
      "qty": "1474",
      "quoteQty": "462.54120",
      "time": 1690806830125,
      "isBuyerMaker": false
   },
   {
      "id": 954038249,
      "price": "0.31380",
      "qty": "31",
      "quoteQty": "9.72780",
      "time": 1690806830529,
      "isBuyerMaker": false
   },
   {
      "id": 954038250,
      "price": "0.31370",
      "qty": "17",
      "quoteQty": "5.33290",
      "time": 1690806830882,
      "isBuyerMaker": true
   },
   {
      "id": 954038251,
      "price": "0.31380",
      "qty": "583",
      "quoteQty": "182.94540",
      "time": 1690806830931,
      "isBuyerMaker": false
   },
   {
      "id": 954038252,
      "price": "0.31380",
      "qty": "40",
      "quoteQty": "12.55200",
      "time": 1690806830931,
      "isBuyerMaker": false
   },
   {
      "id": 954038253,
      "price": "0.31380",
      "qty": "12076",
      "quoteQty": "3789.44880",
      "time": 1690806830931,
      "isBuyerMaker": false
   },
   {
      "id": 954038254,
      "price": "0.31380",
      "qty": "7301",
      "quoteQty": "2291.05380",
      "time": 1690806830931,
      "isBuyerMaker": false
   },
   {
      "id": 954038255,
      "price": "0.31380",
      "qty": "2946",
      "quoteQty": "924.45480",
      "time": 1690806831149,
      "isBuyerMaker": false
   },
   {
      "id": 954038256,
      "price": "0.31370",
      "qty": "585",
      "quoteQty": "183.51450",
      "time": 1690806834113,
      "isBuyerMaker": true
   },
   {
      "id": 954038257,
      "price": "0.31380",
      "qty": "31",
      "quoteQty": "9.72780",
      "time": 1690806835437,
      "isBuyerMaker": false
   },
   {
      "id": 954038258,
      "price": "0.31380",
      "qty": "3950",
      "quoteQty": "1239.51000",
      "time": 1690806835525,
      "isBuyerMaker": false
   },
   {
      "id": 954038259,
      "price": "0.31380",
      "qty": "16",
      "quoteQty": "5.02080",
      "time": 1690806835525,
      "isBuyerMaker": false
   },
   {
      "id": 954038260,
      "price": "0.31380",
      "qty": "17",
      "quoteQty": "5.33460",
      "time": 1690806835525,
      "isBuyerMaker": false
   },
   {
      "id": 954038261,
      "price": "0.31380",
      "qty": "18",
      "quoteQty": "5.64840",
      "time": 1690806835525,
      "isBuyerMaker": false
   },
   {
      "id": 954038262,
      "price": "0.31380",
      "qty": "185",
      "quoteQty": "58.05300",
      "time": 1690806835525,
      "isBuyerMaker": false
   },
   {
      "id": 954038263,
      "price": "0.31380",
      "qty": "1405",
      "quoteQty": "440.88900",
      "time": 1690806835525,
      "isBuyerMaker": false
   },
   {
      "id": 954038264,
      "price": "0.31380",
      "qty": "4762",
      "quoteQty": "1494.31560",
      "time": 1690806835525,
      "isBuyerMaker": false
   },
   {
      "id": 954038265,
      "price": "0.31380",
      "qty": "239",
      "quoteQty": "74.99820",
      "time": 1690806835525,
      "isBuyerMaker": false
   },
   {
      "id": 954038266,
      "price": "0.31380",
      "qty": "1199",
      "quoteQty": "376.24620",
      "time": 1690806835525,
      "isBuyerMaker": false
   },
   {
      "id": 954038267,
      "price": "0.31380",
      "qty": "797",
      "quoteQty": "250.09860",
      "time": 1690806835525,
      "isBuyerMaker": false
   },
   {
      "id": 954038268,
      "price": "0.31380",
      "qty": "106",
      "quoteQty": "33.26280",
      "time": 1690806835525,
      "isBuyerMaker": false
   },
   {
      "id": 954038269,
      "price": "0.31380",
      "qty": "1196",
      "quoteQty": "375.30480",
      "time": 1690806835525,
      "isBuyerMaker": false
   },
   {
      "id": 954038270,
      "price": "0.31380",
      "qty": "308",
      "quoteQty": "96.65040",
      "time": 1690806835525,
      "isBuyerMaker": false
   },
   {
      "id": 954038271,
      "price": "0.31380",
      "qty": "104",
      "quoteQty": "32.63520",
      "time": 1690806835525,
      "isBuyerMaker": false
   },
   {
      "id": 954038272,
      "price": "0.31380",
      "qty": "104",
      "quoteQty": "32.63520",
      "time": 1690806835525,
      "isBuyerMaker": false
   },
   {
      "id": 954038273,
      "price": "0.31380",
      "qty": "104",
      "quoteQty": "32.63520",
      "time": 1690806835525,
      "isBuyerMaker": false
   },
   {
      "id": 954038274,
      "price": "0.31380",
      "qty": "104",
      "quoteQty": "32.63520",
      "time": 1690806835525,
      "isBuyerMaker": false
   },
   {
      "id": 954038275,
      "price": "0.31380",
      "qty": "17",
      "quoteQty": "5.33460",
      "time": 1690806835525,
      "isBuyerMaker": false
   },
   {
      "id": 954038276,
      "price": "0.31380",
      "qty": "104",
      "quoteQty": "32.63520",
      "time": 1690806835525,
      "isBuyerMaker": false
   },
   {
      "id": 954038277,
      "price": "0.31380",
      "qty": "104",
      "quoteQty": "32.63520",
      "time": 1690806835525,
      "isBuyerMaker": false
   },
   {
      "id": 954038278,
      "price": "0.31380",
      "qty": "104",
      "quoteQty": "32.63520",
      "time": 1690806835525,
      "isBuyerMaker": false
   },
   {
      "id": 954038279,
      "price": "0.31380",
      "qty": "19",
      "quoteQty": "5.96220",
      "time": 1690806835525,
      "isBuyerMaker": false
   },
   {
      "id": 954038280,
      "price": "0.31380",
      "qty": "3048",
      "quoteQty": "956.46240",
      "time": 1690806835525,
      "isBuyerMaker": false
   },
   {
      "id": 954038281,
      "price": "0.31380",
      "qty": "34",
      "quoteQty": "10.66920",
      "time": 1690806835525,
      "isBuyerMaker": false
   },
   {
      "id": 954038282,
      "price": "0.31380",
      "qty": "1533",
      "quoteQty": "481.05540",
      "time": 1690806835525,
      "isBuyerMaker": false
   },
   {
      "id": 954038283,
      "price": "0.31380",
      "qty": "40",
      "quoteQty": "12.55200",
      "time": 1690806835525,
      "isBuyerMaker": false
   },
   {
      "id": 954038284,
      "price": "0.31380",
      "qty": "17",
      "quoteQty": "5.33460",
      "time": 1690806835525,
      "isBuyerMaker": false
   },
   {
      "id": 954038285,
      "price": "0.31380",
      "qty": "698",
      "quoteQty": "219.03240",
      "time": 1690806835525,
      "isBuyerMaker": false
   },
   {
      "id": 954038286,
      "price": "0.31380",
      "qty": "117",
      "quoteQty": "36.71460",
      "time": 1690806835525,
      "isBuyerMaker": false
   },
   {
      "id": 954038287,
      "price": "0.31380",
      "qty": "1122",
      "quoteQty": "352.08360",
      "time": 1690806835525,
      "isBuyerMaker": false
   },
   {
      "id": 954038288,
      "price": "0.31380",
      "qty": "426",
      "quoteQty": "133.67880",
      "time": 1690806836220,
      "isBuyerMaker": true
   },
   {
      "id": 954038289,
      "price": "0.31380",
      "qty": "115",
      "quoteQty": "36.08700",
      "time": 1690806836584,
      "isBuyerMaker": true
   },
   {
      "id": 954038290,
      "price": "0.31380",
      "qty": "427",
      "quoteQty": "133.99260",
      "time": 1690806837217,
      "isBuyerMaker": true
   },
   {
      "id": 954038291,
      "price": "0.31380",
      "qty": "428",
      "quoteQty": "134.30640",
      "time": 1690806838214,
      "isBuyerMaker": true
   },
   {
      "id": 954038292,
      "price": "0.31390",
      "qty": "44",
      "quoteQty": "13.81160",
      "time": 1690806838772,
      "isBuyerMaker": false
   },
   {
      "id": 954038293,
      "price": "0.31390",
      "qty": "24",
      "quoteQty": "7.53360",
      "time": 1690806838772,
      "isBuyerMaker": false
   },
   {
      "id": 954038294,
      "price": "0.31390",
      "qty": "261",
      "quoteQty": "81.92790",
      "time": 1690806838772,
      "isBuyerMaker": false
   },
   {
      "id": 954038295,
      "price": "0.31390",
      "qty": "29",
      "quoteQty": "9.10310",
      "time": 1690806838772,
      "isBuyerMaker": false
   },
   {
      "id": 954038296,
      "price": "0.31390",
      "qty": "67",
      "quoteQty": "21.03130",
      "time": 1690806838772,
      "isBuyerMaker": false
   },
   {
      "id": 954038297,
      "price": "0.31390",
      "qty": "113",
      "quoteQty": "35.47070",
      "time": 1690806838772,
      "isBuyerMaker": false
   },
   {
      "id": 954038298,
      "price": "0.31390",
      "qty": "21",
      "quoteQty": "6.59190",
      "time": 1690806838772,
      "isBuyerMaker": false
   },
   {
      "id": 954038299,
      "price": "0.31390",
      "qty": "30",
      "quoteQty": "9.41700",
      "time": 1690806838772,
      "isBuyerMaker": false
   },
   {
      "id": 954038300,
      "price": "0.31390",
      "qty": "100",
      "quoteQty": "31.39000",
      "time": 1690806838772,
      "isBuyerMaker": false
   },
   {
      "id": 954038301,
      "price": "0.31390",
      "qty": "19",
      "quoteQty": "5.96410",
      "time": 1690806838772,
      "isBuyerMaker": false
   },
   {
      "id": 954038302,
      "price": "0.31390",
      "qty": "9",
      "quoteQty": "2.82510",
      "time": 1690806838772,
      "isBuyerMaker": false
   },
   {
      "id": 954038303,
      "price": "0.31390",
      "qty": "11",
      "quoteQty": "3.45290",
      "time": 1690806838772,
      "isBuyerMaker": false
   },
   {
      "id": 954038304,
      "price": "0.31390",
      "qty": "17",
      "quoteQty": "5.33630",
      "time": 1690806838772,
      "isBuyerMaker": false
   },
   {
      "id": 954038305,
      "price": "0.31380",
      "qty": "428",
      "quoteQty": "134.30640",
      "time": 1690806839215,
      "isBuyerMaker": true
   },
   {
      "id": 954038306,
      "price": "0.31380",
      "qty": "11853",
      "quoteQty": "3719.47140",
      "time": 1690806839519,
      "isBuyerMaker": true
   },
   {
      "id": 954038307,
      "price": "0.31380",
      "qty": "428",
      "quoteQty": "134.30640",
      "time": 1690806840235,
      "isBuyerMaker": true
   },
   {
      "id": 954038308,
      "price": "0.31390",
      "qty": "20",
      "quoteQty": "6.27800",
      "time": 1690806840653,
      "isBuyerMaker": false
   },
   {
      "id": 954038309,
      "price": "0.31380",
      "qty": "64",
      "quoteQty": "20.08320",
      "time": 1690806840740,
      "isBuyerMaker": true
   },
   {
      "id": 954038310,
      "price": "0.31380",
      "qty": "1274",
      "quoteQty": "399.78120",
      "time": 1690806841186,
      "isBuyerMaker": true
   },
   {
      "id": 954038311,
      "price": "0.31380",
      "qty": "1191",
      "quoteQty": "373.73580",
      "time": 1690806841224,
      "isBuyerMaker": true
   },
   {
      "id": 954038312,
      "price": "0.31380",
      "qty": "17",
      "quoteQty": "5.33460",
      "time": 1690806841559,
      "isBuyerMaker": true
   },
   {
      "id": 954038313,
      "price": "0.31380",
      "qty": "22",
      "quoteQty": "6.90360",
      "time": 1690806841745,
      "isBuyerMaker": true
   },
   {
      "id": 954038314,
      "price": "0.31380",
      "qty": "1189",
      "quoteQty": "373.10820",
      "time": 1690806842225,
      "isBuyerMaker": true
   },
   {
      "id": 954038315,
      "price": "0.31380",
      "qty": "1188",
      "quoteQty": "372.79440",
      "time": 1690806843225,
      "isBuyerMaker": true
   },
   {
      "id": 954038316,
      "price": "0.31380",
      "qty": "1187",
      "quoteQty": "372.48060",
      "time": 1690806844227,
      "isBuyerMaker": true
   },
   {
      "id": 954038317,
      "price": "0.31380",
      "qty": "31",
      "quoteQty": "9.72780",
      "time": 1690806844398,
      "isBuyerMaker": true
   },
   {
      "id": 954038318,
      "price": "0.31380",
      "qty": "9593",
      "quoteQty": "3010.28340",
      "time": 1690806844702,
      "isBuyerMaker": true
   },
   {
      "id": 954038319,
      "price": "0.31380",
      "qty": "14334",
      "quoteQty": "4498.00920",
      "time": 1690806844712,
      "isBuyerMaker": true
   },
   {
      "id": 954038320,
      "price": "0.31380",
      "qty": "9546",
      "quoteQty": "2995.53480",
      "time": 1690806844722,
      "isBuyerMaker": true
   },
   {
      "id": 954038321,
      "price": "0.31380",
      "qty": "7581",
      "quoteQty": "2378.91780",
      "time": 1690806844722,
      "isBuyerMaker": true
   },
   {
      "id": 954038322,
      "price": "0.31380",
      "qty": "7813",
      "quoteQty": "2451.71940",
      "time": 1690806844765,
      "isBuyerMaker": true
   },
   {
      "id": 954038323,
      "price": "0.31380",
      "qty": "3147",
      "quoteQty": "987.52860",
      "time": 1690806844775,
      "isBuyerMaker": true
   },
   {
      "id": 954038324,
      "price": "0.31380",
      "qty": "89",
      "quoteQty": "27.92820",
      "time": 1690806844790,
      "isBuyerMaker": true
   },
   {
      "id": 954038325,
      "price": "0.31380",
      "qty": "585",
      "quoteQty": "183.57300",
      "time": 1690806845229,
      "isBuyerMaker": true
   },
   {
      "id": 954038326,
      "price": "0.31380",
      "qty": "585",
      "quoteQty": "183.57300",
      "time": 1690806846218,
      "isBuyerMaker": true
   },
   {
      "id": 954038327,
      "price": "0.31380",
      "qty": "534",
      "quoteQty": "167.56920",
      "time": 1690806847226,
      "isBuyerMaker": true
   },
   {
      "id": 954038328,
      "price": "0.31380",
      "qty": "6400",
      "quoteQty": "2008.32000",
      "time": 1690806847386,
      "isBuyerMaker": true
   },
   {
      "id": 954038329,
      "price": "0.31380",
      "qty": "71677",
      "quoteQty": "22492.24260",
      "time": 1690806847386,
      "isBuyerMaker": true
   },
   {
      "id": 954038330,
      "price": "0.31380",
      "qty": "19386",
      "quoteQty": "6083.32680",
      "time": 1690806847386,
      "isBuyerMaker": true
   },
   {
      "id": 954038331,
      "price": "0.31380",
      "qty": "16",
      "quoteQty": "5.02080",
      "time": 1690806847386,
      "isBuyerMaker": true
   },
   {
      "id": 954038332,
      "price": "0.31380",
      "qty": "5100",
      "quoteQty": "1600.38000",
      "time": 1690806847386,
      "isBuyerMaker": true
   },
   {
      "id": 954038333,
      "price": "0.31380",
      "qty": "12228",
      "quoteQty": "3837.14640",
      "time": 1690806847386,
      "isBuyerMaker": true
   },
   {
      "id": 954038334,
      "price": "0.31380",
      "qty": "156",
      "quoteQty": "48.95280",
      "time": 1690806847386,
      "isBuyerMaker": true
   },
   {
      "id": 954038335,
      "price": "0.31380",
      "qty": "40",
      "quoteQty": "12.55200",
      "time": 1690806847386,
      "isBuyerMaker": true
   },
   {
      "id": 954038336,
      "price": "0.31380",
      "qty": "35",
      "quoteQty": "10.98300",
      "time": 1690806847386,
      "isBuyerMaker": true
   },
   {
      "id": 954038337,
      "price": "0.31380",
      "qty": "501",
      "quoteQty": "157.21380",
      "time": 1690806847386,
      "isBuyerMaker": true
   },
   {
      "id": 954038338,
      "price": "0.31380",
      "qty": "6703",
      "quoteQty": "2103.40140",
      "time": 1690806847386,
      "isBuyerMaker": true
   },
   {
      "id": 954038339,
      "price": "0.31380",
      "qty": "164",
      "quoteQty": "51.46320",
      "time": 1690806847386,
      "isBuyerMaker": true
   },
   {
      "id": 954038340,
      "price": "0.31380",
      "qty": "18",
      "quoteQty": "5.64840",
      "time": 1690806847386,
      "isBuyerMaker": true
   },
   {
      "id": 954038341,
      "price": "0.31380",
      "qty": "167",
      "quoteQty": "52.40460",
      "time": 1690806847386,
      "isBuyerMaker": true
   },
   {
      "id": 954038342,
      "price": "0.31380",
      "qty": "4335",
      "quoteQty": "1360.32300",
      "time": 1690806847386,
      "isBuyerMaker": true
   },
   {
      "id": 954038343,
      "price": "0.31380",
      "qty": "25510",
      "quoteQty": "8005.03800",
      "time": 1690806847386,
      "isBuyerMaker": true
   },
   {
      "id": 954038344,
      "price": "0.31380",
      "qty": "23",
      "quoteQty": "7.21740",
      "time": 1690806847386,
      "isBuyerMaker": true
   },
   {
      "id": 954038345,
      "price": "0.31380",
      "qty": "125",
      "quoteQty": "39.22500",
      "time": 1690806847386,
      "isBuyerMaker": true
   },
   {
      "id": 954038346,
      "price": "0.31380",
      "qty": "409",
      "quoteQty": "128.34420",
      "time": 1690806847386,
      "isBuyerMaker": true
   },
   {
      "id": 954038347,
      "price": "0.31380",
      "qty": "3585",
      "quoteQty": "1124.97300",
      "time": 1690806847386,
      "isBuyerMaker": true
   },
   {
      "id": 954038348,
      "price": "0.31380",
      "qty": "12162",
      "quoteQty": "3816.43560",
      "time": 1690806847386,
      "isBuyerMaker": true
   },
   {
      "id": 954038349,
      "price": "0.31380",
      "qty": "588",
      "quoteQty": "184.51440",
      "time": 1690806847386,
      "isBuyerMaker": true
   },
   {
      "id": 954038350,
      "price": "0.31380",
      "qty": "334",
      "quoteQty": "104.80920",
      "time": 1690806847386,
      "isBuyerMaker": true
   },
   {
      "id": 954038351,
      "price": "0.31380",
      "qty": "93",
      "quoteQty": "29.18340",
      "time": 1690806847386,
      "isBuyerMaker": true
   },
   {
      "id": 954038352,
      "price": "0.31370",
      "qty": "1600",
      "quoteQty": "501.92000",
      "time": 1690806847386,
      "isBuyerMaker": true
   },
   {
      "id": 954038353,
      "price": "0.31370",
      "qty": "1783",
      "quoteQty": "559.32710",
      "time": 1690806847387,
      "isBuyerMaker": true
   },
   {
      "id": 954038354,
      "price": "0.31370",
      "qty": "1417",
      "quoteQty": "444.51290",
      "time": 1690806847387,
      "isBuyerMaker": true
   },
   {
      "id": 954038355,
      "price": "0.31370",
      "qty": "108",
      "quoteQty": "33.87960",
      "time": 1690806847436,
      "isBuyerMaker": true
   },
   {
      "id": 954038356,
      "price": "0.31380",
      "qty": "19",
      "quoteQty": "5.96220",
      "time": 1690806847516,
      "isBuyerMaker": false
   },
   {
      "id": 954038357,
      "price": "0.31370",
      "qty": "24",
      "quoteQty": "7.52880",
      "time": 1690806847788,
      "isBuyerMaker": true
   },
   {
      "id": 954038358,
      "price": "0.31370",
      "qty": "24",
      "quoteQty": "7.52880",
      "time": 1690806848141,
      "isBuyerMaker": true
   },
   {
      "id": 954038359,
      "price": "0.31380",
      "qty": "12560",
      "quoteQty": "3941.32800",
      "time": 1690806853524,
      "isBuyerMaker": false
   },
   {
      "id": 954038360,
      "price": "0.31380",
      "qty": "34",
      "quoteQty": "10.66920",
      "time": 1690806855056,
      "isBuyerMaker": false
   },
   {
      "id": 954038361,
      "price": "0.31380",
      "qty": "1240",
      "quoteQty": "389.11200",
      "time": 1690806855260,
      "isBuyerMaker": false
   },
   {
      "id": 954038362,
      "price": "0.31380",
      "qty": "330",
      "quoteQty": "103.55400",
      "time": 1690806857879,
      "isBuyerMaker": false
   },
   {
      "id": 954038363,
      "price": "0.31370",
      "qty": "6530",
      "quoteQty": "2048.46100",
      "time": 1690806858332,
      "isBuyerMaker": true
   },
   {
      "id": 954038364,
      "price": "0.31380",
      "qty": "602",
      "quoteQty": "188.90760",
      "time": 1690806859903,
      "isBuyerMaker": false
   },
   {
      "id": 954038365,
      "price": "0.31380",
      "qty": "59",
      "quoteQty": "18.51420",
      "time": 1690806863612,
      "isBuyerMaker": false
   },
   {
      "id": 954038366,
      "price": "0.31380",
      "qty": "836",
      "quoteQty": "262.33680",
      "time": 1690806864780,
      "isBuyerMaker": false
   },
   {
      "id": 954038367,
      "price": "0.31370",
      "qty": "1163",
      "quoteQty": "364.83310",
      "time": 1690806865467,
      "isBuyerMaker": true
   },
   {
      "id": 954038368,
      "price": "0.31370",
      "qty": "3178",
      "quoteQty": "996.93860",
      "time": 1690806865789,
      "isBuyerMaker": true
   },
   {
      "id": 954038369,
      "price": "0.31380",
      "qty": "837",
      "quoteQty": "262.65060",
      "time": 1690806866871,
      "isBuyerMaker": false
   },
   {
      "id": 954038370,
      "price": "0.31380",
      "qty": "220",
      "quoteQty": "69.03600",
      "time": 1690806866871,
      "isBuyerMaker": false
   },
   {
      "id": 954038371,
      "price": "0.31380",
      "qty": "14733",
      "quoteQty": "4623.21540",
      "time": 1690806870426,
      "isBuyerMaker": false
   },
   {
      "id": 954038372,
      "price": "0.31380",
      "qty": "1640",
      "quoteQty": "514.63200",
      "time": 1690806870426,
      "isBuyerMaker": false
   },
   {
      "id": 954038373,
      "price": "0.31380",
      "qty": "5100",
      "quoteQty": "1600.38000",
      "time": 1690806870426,
      "isBuyerMaker": false
   },
   {
      "id": 954038374,
      "price": "0.31380",
      "qty": "28800",
      "quoteQty": "9037.44000",
      "time": 1690806870426,
      "isBuyerMaker": false
   },
   {
      "id": 954038375,
      "price": "0.31380",
      "qty": "15778",
      "quoteQty": "4951.13640",
      "time": 1690806870426,
      "isBuyerMaker": false
   },
   {
      "id": 954038376,
      "price": "0.31380",
      "qty": "1574",
      "quoteQty": "493.92120",
      "time": 1690806870426,
      "isBuyerMaker": false
   },
   {
      "id": 954038377,
      "price": "0.31380",
      "qty": "1038",
      "quoteQty": "325.72440",
      "time": 1690806870426,
      "isBuyerMaker": false
   },
   {
      "id": 954038378,
      "price": "0.31380",
      "qty": "16528",
      "quoteQty": "5186.48640",
      "time": 1690806870426,
      "isBuyerMaker": false
   },
   {
      "id": 954038379,
      "price": "0.31380",
      "qty": "1107",
      "quoteQty": "347.37660",
      "time": 1690806870426,
      "isBuyerMaker": false
   },
   {
      "id": 954038380,
      "price": "0.31380",
      "qty": "1607",
      "quoteQty": "504.27660",
      "time": 1690806870426,
      "isBuyerMaker": false
   },
   {
      "id": 954038381,
      "price": "0.31380",
      "qty": "3486",
      "quoteQty": "1093.90680",
      "time": 1690806870426,
      "isBuyerMaker": false
   },
   {
      "id": 954038382,
      "price": "0.31380",
      "qty": "3358",
      "quoteQty": "1053.74040",
      "time": 1690806870426,
      "isBuyerMaker": false
   },
   {
      "id": 954038383,
      "price": "0.31380",
      "qty": "15607",
      "quoteQty": "4897.47660",
      "time": 1690806870426,
      "isBuyerMaker": false
   },
   {
      "id": 954038384,
      "price": "0.31380",
      "qty": "16",
      "quoteQty": "5.02080",
      "time": 1690806870426,
      "isBuyerMaker": false
   },
   {
      "id": 954038385,
      "price": "0.31380",
      "qty": "3486",
      "quoteQty": "1093.90680",
      "time": 1690806870426,
      "isBuyerMaker": false
   },
   {
      "id": 954038386,
      "price": "0.31380",
      "qty": "638",
      "quoteQty": "200.20440",
      "time": 1690806870426,
      "isBuyerMaker": false
   },
   {
      "id": 954038387,
      "price": "0.31380",
      "qty": "6866",
      "quoteQty": "2154.55080",
      "time": 1690806870426,
      "isBuyerMaker": false
   },
   {
      "id": 954038388,
      "price": "0.31380",
      "qty": "5453",
      "quoteQty": "1711.15140",
      "time": 1690806870427,
      "isBuyerMaker": false
   },
   {
      "id": 954038389,
      "price": "0.31380",
      "qty": "956",
      "quoteQty": "299.99280",
      "time": 1690806870427,
      "isBuyerMaker": false
   },
   {
      "id": 954038390,
      "price": "0.31380",
      "qty": "12143",
      "quoteQty": "3810.47340",
      "time": 1690806870427,
      "isBuyerMaker": false
   },
   {
      "id": 954038391,
      "price": "0.31380",
      "qty": "40",
      "quoteQty": "12.55200",
      "time": 1690806870427,
      "isBuyerMaker": false
   },
   {
      "id": 954038392,
      "price": "0.31380",
      "qty": "39",
      "quoteQty": "12.23820",
      "time": 1690806870427,
      "isBuyerMaker": false
   },
   {
      "id": 954038393,
      "price": "0.31380",
      "qty": "1398",
      "quoteQty": "438.69240",
      "time": 1690806870427,
      "isBuyerMaker": false
   },
   {
      "id": 954038394,
      "price": "0.31380",
      "qty": "1285",
      "quoteQty": "403.23300",
      "time": 1690806870427,
      "isBuyerMaker": false
   },
   {
      "id": 954038395,
      "price": "0.31380",
      "qty": "35",
      "quoteQty": "10.98300",
      "time": 1690806870427,
      "isBuyerMaker": false
   },
   {
      "id": 954038396,
      "price": "0.31380",
      "qty": "19",
      "quoteQty": "5.96220",
      "time": 1690806870427,
      "isBuyerMaker": false
   },
   {
      "id": 954038397,
      "price": "0.31380",
      "qty": "953",
      "quoteQty": "299.05140",
      "time": 1690806870427,
      "isBuyerMaker": false
   },
   {
      "id": 954038398,
      "price": "0.31380",
      "qty": "1593",
      "quoteQty": "499.88340",
      "time": 1690806870427,
      "isBuyerMaker": false
   },
   {
      "id": 954038399,
      "price": "0.31380",
      "qty": "1600",
      "quoteQty": "502.08000",
      "time": 1690806870427,
      "isBuyerMaker": false
   },
   {
      "id": 954038400,
      "price": "0.31380",
      "qty": "3200",
      "quoteQty": "1004.16000",
      "time": 1690806870427,
      "isBuyerMaker": false
   },
   {
      "id": 954038401,
      "price": "0.31380",
      "qty": "239",
      "quoteQty": "74.99820",
      "time": 1690806870427,
      "isBuyerMaker": false
   },
   {
      "id": 954038402,
      "price": "0.31380",
      "qty": "573",
      "quoteQty": "179.80740",
      "time": 1690806870427,
      "isBuyerMaker": false
   },
   {
      "id": 954038403,
      "price": "0.31380",
      "qty": "205",
      "quoteQty": "64.32900",
      "time": 1690806870427,
      "isBuyerMaker": false
   },
   {
      "id": 954038404,
      "price": "0.31380",
      "qty": "4646",
      "quoteQty": "1457.91480",
      "time": 1690806870427,
      "isBuyerMaker": false
   },
   {
      "id": 954038405,
      "price": "0.31380",
      "qty": "62",
      "quoteQty": "19.45560",
      "time": 1690806870427,
      "isBuyerMaker": false
   },
   {
      "id": 954038406,
      "price": "0.31380",
      "qty": "51",
      "quoteQty": "16.00380",
      "time": 1690806870427,
      "isBuyerMaker": false
   },
   {
      "id": 954038407,
      "price": "0.31380",
      "qty": "3187",
      "quoteQty": "1000.08060",
      "time": 1690806870427,
      "isBuyerMaker": false
   },
   {
      "id": 954038408,
      "price": "0.31380",
      "qty": "280",
      "quoteQty": "87.86400",
      "time": 1690806870427,
      "isBuyerMaker": false
   },
   {
      "id": 954038409,
      "price": "0.31380",
      "qty": "59",
      "quoteQty": "18.51420",
      "time": 1690806870427,
      "isBuyerMaker": false
   },
   {
      "id": 954038410,
      "price": "0.31380",
      "qty": "41",
      "quoteQty": "12.86580",
      "time": 1690806870427,
      "isBuyerMaker": false
   },
   {
      "id": 954038411,
      "price": "0.31380",
      "qty": "4472",
      "quoteQty": "1403.31360",
      "time": 1690806870427,
      "isBuyerMaker": false
   },
   {
      "id": 954038412,
      "price": "0.31380",
      "qty": "20",
      "quoteQty": "6.27600",
      "time": 1690806870427,
      "isBuyerMaker": false
   },
   {
      "id": 954038413,
      "price": "0.31380",
      "qty": "1787",
      "quoteQty": "560.76060",
      "time": 1690806870427,
      "isBuyerMaker": false
   },
   {
      "id": 954038414,
      "price": "0.31390",
      "qty": "522",
      "quoteQty": "163.85580",
      "time": 1690806870427,
      "isBuyerMaker": false
   },
   {
      "id": 954038415,
      "price": "0.31390",
      "qty": "399",
      "quoteQty": "125.24610",
      "time": 1690806870427,
      "isBuyerMaker": false
   },
   {
      "id": 954038416,
      "price": "0.31390",
      "qty": "12516",
      "quoteQty": "3928.77240",
      "time": 1690806870427,
      "isBuyerMaker": false
   },
   {
      "id": 954038417,
      "price": "0.31390",
      "qty": "55",
      "quoteQty": "17.26450",
      "time": 1690806870427,
      "isBuyerMaker": false
   },
   {
      "id": 954038418,
      "price": "0.31390",
      "qty": "12000",
      "quoteQty": "3766.80000",
      "time": 1690806870427,
      "isBuyerMaker": false
   },
   {
      "id": 954038419,
      "price": "0.31390",
      "qty": "24000",
      "quoteQty": "7533.60000",
      "time": 1690806870427,
      "isBuyerMaker": false
   },
   {
      "id": 954038420,
      "price": "0.31390",
      "qty": "510",
      "quoteQty": "160.08900",
      "time": 1690806870427,
      "isBuyerMaker": false
   },
   {
      "id": 954038421,
      "price": "0.31390",
      "qty": "1020",
      "quoteQty": "320.17800",
      "time": 1690806870427,
      "isBuyerMaker": false
   },
   {
      "id": 954038422,
      "price": "0.31390",
      "qty": "500",
      "quoteQty": "156.95000",
      "time": 1690806870427,
      "isBuyerMaker": false
   },
   {
      "id": 954038423,
      "price": "0.31390",
      "qty": "500",
      "quoteQty": "156.95000",
      "time": 1690806870427,
      "isBuyerMaker": false
   },
   {
      "id": 954038424,
      "price": "0.31390",
      "qty": "1500",
      "quoteQty": "470.85000",
      "time": 1690806870427,
      "isBuyerMaker": false
   },
   {
      "id": 954038425,
      "price": "0.31390",
      "qty": "1000",
      "quoteQty": "313.90000",
      "time": 1690806870427,
      "isBuyerMaker": false
   },
   {
      "id": 954038426,
      "price": "0.31390",
      "qty": "380",
      "quoteQty": "119.28200",
      "time": 1690806870427,
      "isBuyerMaker": false
   },
   {
      "id": 954038427,
      "price": "0.31390",
      "qty": "760",
      "quoteQty": "238.56400",
      "time": 1690806870427,
      "isBuyerMaker": false
   },
   {
      "id": 954038428,
      "price": "0.31390",
      "qty": "190",
      "quoteQty": "59.64100",
      "time": 1690806870427,
      "isBuyerMaker": false
   },
   {
      "id": 954038429,
      "price": "0.31390",
      "qty": "190",
      "quoteQty": "59.64100",
      "time": 1690806870427,
      "isBuyerMaker": false
   },
   {
      "id": 954038430,
      "price": "0.31390",
      "qty": "190",
      "quoteQty": "59.64100",
      "time": 1690806870427,
      "isBuyerMaker": false
   },
   {
      "id": 954038431,
      "price": "0.31390",
      "qty": "10000",
      "quoteQty": "3139.00000",
      "time": 1690806870427,
      "isBuyerMaker": false
   },
   {
      "id": 954038432,
      "price": "0.31390",
      "qty": "1676",
      "quoteQty": "526.09640",
      "time": 1690806870427,
      "isBuyerMaker": false
   },
   {
      "id": 954038433,
      "price": "0.31390",
      "qty": "31",
      "quoteQty": "9.73090",
      "time": 1690806870427,
      "isBuyerMaker": false
   },
   {
      "id": 954038434,
      "price": "0.31390",
      "qty": "4462",
      "quoteQty": "1400.62180",
      "time": 1690806870427,
      "isBuyerMaker": false
   },
   {
      "id": 954038435,
      "price": "0.31390",
      "qty": "16",
      "quoteQty": "5.02240",
      "time": 1690806870427,
      "isBuyerMaker": false
   },
   {
      "id": 954038436,
      "price": "0.31390",
      "qty": "3016",
      "quoteQty": "946.72240",
      "time": 1690806870427,
      "isBuyerMaker": false
   },
   {
      "id": 954038437,
      "price": "0.31390",
      "qty": "12228",
      "quoteQty": "3838.36920",
      "time": 1690806870427,
      "isBuyerMaker": false
   },
   {
      "id": 954038438,
      "price": "0.31390",
      "qty": "40",
      "quoteQty": "12.55600",
      "time": 1690806870427,
      "isBuyerMaker": false
   },
   {
      "id": 954038439,
      "price": "0.31390",
      "qty": "15607",
      "quoteQty": "4899.03730",
      "time": 1690806870427,
      "isBuyerMaker": false
   },
   {
      "id": 954038440,
      "price": "0.31390",
      "qty": "12326",
      "quoteQty": "3869.13140",
      "time": 1690806870427,
      "isBuyerMaker": false
   },
   {
      "id": 954038441,
      "price": "0.31390",
      "qty": "955",
      "quoteQty": "299.77450",
      "time": 1690806870427,
      "isBuyerMaker": false
   },
   {
      "id": 954038442,
      "price": "0.31390",
      "qty": "916",
      "quoteQty": "287.53240",
      "time": 1690806870427,
      "isBuyerMaker": false
   },
   {
      "id": 954038443,
      "price": "0.31390",
      "qty": "1141",
      "quoteQty": "358.15990",
      "time": 1690806870427,
      "isBuyerMaker": false
   },
   {
      "id": 954038444,
      "price": "0.31390",
      "qty": "1671",
      "quoteQty": "524.52690",
      "time": 1690806870428,
      "isBuyerMaker": false
   },
   {
      "id": 954038445,
      "price": "0.31390",
      "qty": "955",
      "quoteQty": "299.77450",
      "time": 1690806870428,
      "isBuyerMaker": false
   },
   {
      "id": 954038446,
      "price": "0.31390",
      "qty": "1250",
      "quoteQty": "392.37500",
      "time": 1690806870428,
      "isBuyerMaker": false
   },
   {
      "id": 954038447,
      "price": "0.31390",
      "qty": "6373",
      "quoteQty": "2000.48470",
      "time": 1690806870428,
      "isBuyerMaker": false
   },
   {
      "id": 954038448,
      "price": "0.31390",
      "qty": "1493",
      "quoteQty": "468.65270",
      "time": 1690806870428,
      "isBuyerMaker": false
   },
   {
      "id": 954038449,
      "price": "0.31390",
      "qty": "547",
      "quoteQty": "171.70330",
      "time": 1690806870428,
      "isBuyerMaker": false
   },
   {
      "id": 954038450,
      "price": "0.31390",
      "qty": "3431",
      "quoteQty": "1076.99090",
      "time": 1690806870428,
      "isBuyerMaker": false
   },
   {
      "id": 954038451,
      "price": "0.31390",
      "qty": "1593",
      "quoteQty": "500.04270",
      "time": 1690806870428,
      "isBuyerMaker": false
   },
   {
      "id": 954038452,
      "price": "0.31390",
      "qty": "13266",
      "quoteQty": "4164.19740",
      "time": 1690806870428,
      "isBuyerMaker": false
   },
   {
      "id": 954038453,
      "price": "0.31380",
      "qty": "34",
      "quoteQty": "10.66920",
      "time": 1690806870436,
      "isBuyerMaker": true
   },
   {
      "id": 954038454,
      "price": "0.31390",
      "qty": "39",
      "quoteQty": "12.24210",
      "time": 1690806870471,
      "isBuyerMaker": false
   },
   {
      "id": 954038455,
      "price": "0.31380",
      "qty": "756",
      "quoteQty": "237.23280",
      "time": 1690806870508,
      "isBuyerMaker": true
   },
   {
      "id": 954038456,
      "price": "0.31390",
      "qty": "979",
      "quoteQty": "307.30810",
      "time": 1690806872037,
      "isBuyerMaker": false
   },
   {
      "id": 954038457,
      "price": "0.31390",
      "qty": "599",
      "quoteQty": "188.02610",
      "time": 1690806872037,
      "isBuyerMaker": false
   },
   {
      "id": 954038458,
      "price": "0.31390",
      "qty": "318",
      "quoteQty": "99.82020",
      "time": 1690806873025,
      "isBuyerMaker": false
   },
   {
      "id": 954038459,
      "price": "0.31390",
      "qty": "3993",
      "quoteQty": "1253.40270",
      "time": 1690806873025,
      "isBuyerMaker": false
   },
   {
      "id": 954038460,
      "price": "0.31380",
      "qty": "4310",
      "quoteQty": "1352.47800",
      "time": 1690806873025,
      "isBuyerMaker": true
   },
   {
      "id": 954038461,
      "price": "0.31380",
      "qty": "4200",
      "quoteQty": "1317.96000",
      "time": 1690806873025,
      "isBuyerMaker": true
   },
   {
      "id": 954038462,
      "price": "0.31380",
      "qty": "19424",
      "quoteQty": "6095.25120",
      "time": 1690806873025,
      "isBuyerMaker": true
   },
   {
      "id": 954038463,
      "price": "0.31380",
      "qty": "3968",
      "quoteQty": "1245.15840",
      "time": 1690806873025,
      "isBuyerMaker": true
   },
   {
      "id": 954038464,
      "price": "0.31380",
      "qty": "341",
      "quoteQty": "107.00580",
      "time": 1690806873025,
      "isBuyerMaker": true
   },
   {
      "id": 954038465,
      "price": "0.31390",
      "qty": "88",
      "quoteQty": "27.62320",
      "time": 1690806875504,
      "isBuyerMaker": false
   },
   {
      "id": 954038466,
      "price": "0.31390",
      "qty": "16",
      "quoteQty": "5.02240",
      "time": 1690806877104,
      "isBuyerMaker": false
   },
   {
      "id": 954038467,
      "price": "0.31380",
      "qty": "16",
      "quoteQty": "5.02080",
      "time": 1690806877217,
      "isBuyerMaker": true
   },
   {
      "id": 954038468,
      "price": "0.31380",
      "qty": "79",
      "quoteQty": "24.79020",
      "time": 1690806877502,
      "isBuyerMaker": true
   },
   {
      "id": 954038469,
      "price": "0.31380",
      "qty": "534",
      "quoteQty": "167.56920",
      "time": 1690806878219,
      "isBuyerMaker": true
   },
   {
      "id": 954038470,
      "price": "0.31380",
      "qty": "534",
      "quoteQty": "167.56920",
      "time": 1690806879215,
      "isBuyerMaker": true
   },
   {
      "id": 954038471,
      "price": "0.31390",
      "qty": "3030",
      "quoteQty": "951.11700",
      "time": 1690806879843,
      "isBuyerMaker": false
   },
   {
      "id": 954038472,
      "price": "0.31390",
      "qty": "661",
      "quoteQty": "207.48790",
      "time": 1690806879843,
      "isBuyerMaker": false
   },
   {
      "id": 954038473,
      "price": "0.31380",
      "qty": "534",
      "quoteQty": "167.56920",
      "time": 1690806880226,
      "isBuyerMaker": true
   },
   {
      "id": 954038474,
      "price": "0.31380",
      "qty": "534",
      "quoteQty": "167.56920",
      "time": 1690806881217,
      "isBuyerMaker": true
   },
   {
      "id": 954038475,
      "price": "0.31380",
      "qty": "534",
      "quoteQty": "167.56920",
      "time": 1690806882217,
      "isBuyerMaker": true
   },
   {
      "id": 954038476,
      "price": "0.31380",
      "qty": "535",
      "quoteQty": "167.88300",
      "time": 1690806883218,
      "isBuyerMaker": true
   },
   {
      "id": 954038477,
      "price": "0.31380",
      "qty": "534",
      "quoteQty": "167.56920",
      "time": 1690806884222,
      "isBuyerMaker": true
   },
   {
      "id": 954038478,
      "price": "0.31380",
      "qty": "534",
      "quoteQty": "167.56920",
      "time": 1690806885222,
      "isBuyerMaker": true
   },
   {
      "id": 954038479,
      "price": "0.31380",
      "qty": "534",
      "quoteQty": "167.56920",
      "time": 1690806886223,
      "isBuyerMaker": true
   },
   {
      "id": 954038480,
      "price": "0.31380",
      "qty": "534",
      "quoteQty": "167.56920",
      "time": 1690806887217,
      "isBuyerMaker": true
   },
   {
      "id": 954038481,
      "price": "0.31390",
      "qty": "2480",
      "quoteQty": "778.47200",
      "time": 1690806887713,
      "isBuyerMaker": false
   },
   {
      "id": 954038482,
      "price": "0.31390",
      "qty": "16",
      "quoteQty": "5.02240",
      "time": 1690806887713,
      "isBuyerMaker": false
   },
   {
      "id": 954038483,
      "price": "0.31390",
      "qty": "40",
      "quoteQty": "12.55600",
      "time": 1690806887713,
      "isBuyerMaker": false
   },
   {
      "id": 954038484,
      "price": "0.31390",
      "qty": "80",
      "quoteQty": "25.11200",
      "time": 1690806887713,
      "isBuyerMaker": false
   },
   {
      "id": 954038485,
      "price": "0.31390",
      "qty": "573",
      "quoteQty": "179.86470",
      "time": 1690806887713,
      "isBuyerMaker": false
   },
   {
      "id": 954038486,
      "price": "0.31390",
      "qty": "35",
      "quoteQty": "10.98650",
      "time": 1690806887713,
      "isBuyerMaker": false
   },
   {
      "id": 954038487,
      "price": "0.31390",
      "qty": "1625",
      "quoteQty": "510.08750",
      "time": 1690806887713,
      "isBuyerMaker": false
   },
   {
      "id": 954038488,
      "price": "0.31390",
      "qty": "1911",
      "quoteQty": "599.86290",
      "time": 1690806887713,
      "isBuyerMaker": false
   },
   {
      "id": 954038489,
      "price": "0.31390",
      "qty": "156",
      "quoteQty": "48.96840",
      "time": 1690806887713,
      "isBuyerMaker": false
   },
   {
      "id": 954038490,
      "price": "0.31390",
      "qty": "1122",
      "quoteQty": "352.19580",
      "time": 1690806887713,
      "isBuyerMaker": false
   },
   {
      "id": 954038491,
      "price": "0.31390",
      "qty": "1",
      "quoteQty": "0.31390",
      "time": 1690806887713,
      "isBuyerMaker": false
   },
   {
      "id": 954038492,
      "price": "0.31390",
      "qty": "1",
      "quoteQty": "0.31390",
      "time": 1690806887713,
      "isBuyerMaker": false
   },
   {
      "id": 954038493,
      "price": "0.31390",
      "qty": "1",
      "quoteQty": "0.31390",
      "time": 1690806887713,
      "isBuyerMaker": false
   },
   {
      "id": 954038494,
      "price": "0.31390",
      "qty": "2",
      "quoteQty": "0.62780",
      "time": 1690806887713,
      "isBuyerMaker": false
   },
   {
      "id": 954038495,
      "price": "0.31390",
      "qty": "1",
      "quoteQty": "0.31390",
      "time": 1690806887713,
      "isBuyerMaker": false
   },
   {
      "id": 954038496,
      "price": "0.31390",
      "qty": "6",
      "quoteQty": "1.88340",
      "time": 1690806887713,
      "isBuyerMaker": false
   },
   {
      "id": 954038497,
      "price": "0.31390",
      "qty": "12",
      "quoteQty": "3.76680",
      "time": 1690806887713,
      "isBuyerMaker": false
   },
   {
      "id": 954038498,
      "price": "0.31390",
      "qty": "3",
      "quoteQty": "0.94170",
      "time": 1690806887713,
      "isBuyerMaker": false
   },
   {
      "id": 954038499,
      "price": "0.31390",
      "qty": "1",
      "quoteQty": "0.31390",
      "time": 1690806887713,
      "isBuyerMaker": false
   },
   {
      "id": 954038500,
      "price": "0.31390",
      "qty": "106",
      "quoteQty": "33.27340",
      "time": 1690806887713,
      "isBuyerMaker": false
   },
   {
      "id": 954038501,
      "price": "0.31390",
      "qty": "5000",
      "quoteQty": "1569.50000",
      "time": 1690806887713,
      "isBuyerMaker": false
   },
   {
      "id": 954038502,
      "price": "0.31390",
      "qty": "2",
      "quoteQty": "0.62780",
      "time": 1690806887713,
      "isBuyerMaker": false
   },
   {
      "id": 954038503,
      "price": "0.31390",
      "qty": "1",
      "quoteQty": "0.31390",
      "time": 1690806887713,
      "isBuyerMaker": false
   },
   {
      "id": 954038504,
      "price": "0.31390",
      "qty": "1",
      "quoteQty": "0.31390",
      "time": 1690806887713,
      "isBuyerMaker": false
   },
   {
      "id": 954038505,
      "price": "0.31390",
      "qty": "1",
      "quoteQty": "0.31390",
      "time": 1690806887713,
      "isBuyerMaker": false
   },
   {
      "id": 954038506,
      "price": "0.31390",
      "qty": "1",
      "quoteQty": "0.31390",
      "time": 1690806887713,
      "isBuyerMaker": false
   },
   {
      "id": 954038507,
      "price": "0.31390",
      "qty": "2",
      "quoteQty": "0.62780",
      "time": 1690806887713,
      "isBuyerMaker": false
   },
   {
      "id": 954038508,
      "price": "0.31390",
      "qty": "504",
      "quoteQty": "158.20560",
      "time": 1690806887713,
      "isBuyerMaker": false
   },
   {
      "id": 954038509,
      "price": "0.31390",
      "qty": "1",
      "quoteQty": "0.31390",
      "time": 1690806887713,
      "isBuyerMaker": false
   },
   {
      "id": 954038510,
      "price": "0.31390",
      "qty": "1292",
      "quoteQty": "405.55880",
      "time": 1690806887713,
      "isBuyerMaker": false
   },
   {
      "id": 954038511,
      "price": "0.31380",
      "qty": "534",
      "quoteQty": "167.56920",
      "time": 1690806889225,
      "isBuyerMaker": true
   },
   {
      "id": 954038512,
      "price": "0.31390",
      "qty": "671",
      "quoteQty": "210.62690",
      "time": 1690806891942,
      "isBuyerMaker": false
   },
   {
      "id": 954038513,
      "price": "0.31390",
      "qty": "33",
      "quoteQty": "10.35870",
      "time": 1690806892378,
      "isBuyerMaker": false
   },
   {
      "id": 954038514,
      "price": "0.31390",
      "qty": "1607",
      "quoteQty": "504.43730",
      "time": 1690806899126,
      "isBuyerMaker": false
   },
   {
      "id": 954038515,
      "price": "0.31390",
      "qty": "1229",
      "quoteQty": "385.78310",
      "time": 1690806899126,
      "isBuyerMaker": false
   },
   {
      "id": 954038516,
      "price": "0.31390",
      "qty": "61",
      "quoteQty": "19.14790",
      "time": 1690806899594,
      "isBuyerMaker": false
   },
   {
      "id": 954038517,
      "price": "0.31390",
      "qty": "1267",
      "quoteQty": "397.71130",
      "time": 1690806900963,
      "isBuyerMaker": false
   },
   {
      "id": 954038518,
      "price": "0.31390",
      "qty": "16",
      "quoteQty": "5.02240",
      "time": 1690806900963,
      "isBuyerMaker": false
   },
   {
      "id": 954038519,
      "price": "0.31390",
      "qty": "17",
      "quoteQty": "5.33630",
      "time": 1690806900963,
      "isBuyerMaker": false
   },
   {
      "id": 954038520,
      "price": "0.31390",
      "qty": "40",
      "quoteQty": "12.55600",
      "time": 1690806900963,
      "isBuyerMaker": false
   },
   {
      "id": 954038521,
      "price": "0.31390",
      "qty": "1582",
      "quoteQty": "496.58980",
      "time": 1690806900963,
      "isBuyerMaker": false
   },
   {
      "id": 954038522,
      "price": "0.31390",
      "qty": "373",
      "quoteQty": "117.08470",
      "time": 1690806900963,
      "isBuyerMaker": false
   },
   {
      "id": 954038523,
      "price": "0.31390",
      "qty": "1122",
      "quoteQty": "352.19580",
      "time": 1690806900963,
      "isBuyerMaker": false
   },
   {
      "id": 954038524,
      "price": "0.31390",
      "qty": "3547",
      "quoteQty": "1113.40330",
      "time": 1690806900963,
      "isBuyerMaker": false
   },
   {
      "id": 954038525,
      "price": "0.31380",
      "qty": "4158",
      "quoteQty": "1304.78040",
      "time": 1690806905756,
      "isBuyerMaker": true
   },
   {
      "id": 954038526,
      "price": "0.31380",
      "qty": "1100",
      "quoteQty": "345.18000",
      "time": 1690806905756,
      "isBuyerMaker": true
   },
   {
      "id": 954038527,
      "price": "0.31380",
      "qty": "17689",
      "quoteQty": "5550.80820",
      "time": 1690806905758,
      "isBuyerMaker": true
   },
   {
      "id": 954038528,
      "price": "0.31380",
      "qty": "444",
      "quoteQty": "139.32720",
      "time": 1690806905758,
      "isBuyerMaker": true
   },
   {
      "id": 954038529,
      "price": "0.31380",
      "qty": "1122",
      "quoteQty": "352.08360",
      "time": 1690806905758,
      "isBuyerMaker": true
   },
   {
      "id": 954038530,
      "price": "0.31380",
      "qty": "1873",
      "quoteQty": "587.74740",
      "time": 1690806905758,
      "isBuyerMaker": true
   },
   {
      "id": 954038531,
      "price": "0.31380",
      "qty": "16",
      "quoteQty": "5.02080",
      "time": 1690806905758,
      "isBuyerMaker": true
   },
   {
      "id": 954038532,
      "price": "0.31380",
      "qty": "917",
      "quoteQty": "287.75460",
      "time": 1690806905758,
      "isBuyerMaker": true
   },
   {
      "id": 954038533,
      "price": "0.31380",
      "qty": "40",
      "quoteQty": "12.55200",
      "time": 1690806905758,
      "isBuyerMaker": true
   },
   {
      "id": 954038534,
      "price": "0.31380",
      "qty": "932",
      "quoteQty": "292.46160",
      "time": 1690806905758,
      "isBuyerMaker": true
   },
   {
      "id": 954038535,
      "price": "0.31380",
      "qty": "191",
      "quoteQty": "59.93580",
      "time": 1690806905758,
      "isBuyerMaker": true
   },
   {
      "id": 954038536,
      "price": "0.31380",
      "qty": "35",
      "quoteQty": "10.98300",
      "time": 1690806905758,
      "isBuyerMaker": true
   },
   {
      "id": 954038537,
      "price": "0.31380",
      "qty": "191",
      "quoteQty": "59.93580",
      "time": 1690806905758,
      "isBuyerMaker": true
   },
   {
      "id": 954038538,
      "price": "0.31380",
      "qty": "1593",
      "quoteQty": "499.88340",
      "time": 1690806905758,
      "isBuyerMaker": true
   },
   {
      "id": 954038539,
      "price": "0.31380",
      "qty": "3307",
      "quoteQty": "1037.73660",
      "time": 1690806905758,
      "isBuyerMaker": true
   },
   {
      "id": 954038540,
      "price": "0.31380",
      "qty": "474",
      "quoteQty": "148.74120",
      "time": 1690806905758,
      "isBuyerMaker": true
   },
   {
      "id": 954038541,
      "price": "0.31380",
      "qty": "88",
      "quoteQty": "27.61440",
      "time": 1690806905758,
      "isBuyerMaker": true
   },
   {
      "id": 954038542,
      "price": "0.31380",
      "qty": "448",
      "quoteQty": "140.58240",
      "time": 1690806905758,
      "isBuyerMaker": true
   },
   {
      "id": 954038543,
      "price": "0.31380",
      "qty": "156",
      "quoteQty": "48.95280",
      "time": 1690806905758,
      "isBuyerMaker": true
   },
   {
      "id": 954038544,
      "price": "0.31380",
      "qty": "6031",
      "quoteQty": "1892.52780",
      "time": 1690806905758,
      "isBuyerMaker": true
   },
   {
      "id": 954038545,
      "price": "0.31380",
      "qty": "1099",
      "quoteQty": "344.86620",
      "time": 1690806905758,
      "isBuyerMaker": true
   },
   {
      "id": 954038546,
      "price": "0.31380",
      "qty": "772",
      "quoteQty": "242.25360",
      "time": 1690806905758,
      "isBuyerMaker": true
   },
   {
      "id": 954038547,
      "price": "0.31380",
      "qty": "476",
      "quoteQty": "149.36880",
      "time": 1690806905758,
      "isBuyerMaker": true
   },
   {
      "id": 954038548,
      "price": "0.31380",
      "qty": "3186",
      "quoteQty": "999.76680",
      "time": 1690806905758,
      "isBuyerMaker": true
   },
   {
      "id": 954038549,
      "price": "0.31380",
      "qty": "1593",
      "quoteQty": "499.88340",
      "time": 1690806905758,
      "isBuyerMaker": true
   },
   {
      "id": 954038550,
      "price": "0.31380",
      "qty": "232",
      "quoteQty": "72.80160",
      "time": 1690806905758,
      "isBuyerMaker": true
   },
   {
      "id": 954038551,
      "price": "0.31380",
      "qty": "1551",
      "quoteQty": "486.70380",
      "time": 1690806905758,
      "isBuyerMaker": true
   },
   {
      "id": 954038552,
      "price": "0.31380",
      "qty": "41",
      "quoteQty": "12.86580",
      "time": 1690806905758,
      "isBuyerMaker": true
   },
   {
      "id": 954038553,
      "price": "0.31380",
      "qty": "401",
      "quoteQty": "125.83380",
      "time": 1690806905758,
      "isBuyerMaker": true
   },
   {
      "id": 954038554,
      "price": "0.31380",
      "qty": "372",
      "quoteQty": "116.73360",
      "time": 1690806905758,
      "isBuyerMaker": true
   },
   {
      "id": 954038555,
      "price": "0.31380",
      "qty": "203",
      "quoteQty": "63.70140",
      "time": 1690806905758,
      "isBuyerMaker": true
   },
   {
      "id": 954038556,
      "price": "0.31380",
      "qty": "446",
      "quoteQty": "139.95480",
      "time": 1690806905789,
      "isBuyerMaker": true
   },
   {
      "id": 954038557,
      "price": "0.31370",
      "qty": "6903",
      "quoteQty": "2165.47110",
      "time": 1690806905816,
      "isBuyerMaker": true
   },
   {
      "id": 954038558,
      "price": "0.31370",
      "qty": "4200",
      "quoteQty": "1317.54000",
      "time": 1690806905816,
      "isBuyerMaker": true
   },
   {
      "id": 954038559,
      "price": "0.31370",
      "qty": "6000",
      "quoteQty": "1882.20000",
      "time": 1690806905816,
      "isBuyerMaker": true
   },
   {
      "id": 954038560,
      "price": "0.31370",
      "qty": "16",
      "quoteQty": "5.01920",
      "time": 1690806905816,
      "isBuyerMaker": true
   },
   {
      "id": 954038561,
      "price": "0.31370",
      "qty": "40",
      "quoteQty": "12.54800",
      "time": 1690806905816,
      "isBuyerMaker": true
   },
   {
      "id": 954038562,
      "price": "0.31370",
      "qty": "5134",
      "quoteQty": "1610.53580",
      "time": 1690806905816,
      "isBuyerMaker": true
   },
   {
      "id": 954038563,
      "price": "0.31370",
      "qty": "116",
      "quoteQty": "36.38920",
      "time": 1690806906492,
      "isBuyerMaker": true
   },
   {
      "id": 954038564,
      "price": "0.31370",
      "qty": "1",
      "quoteQty": "0.31370",
      "time": 1690806906550,
      "isBuyerMaker": true
   },
   {
      "id": 954038565,
      "price": "0.31370",
      "qty": "3",
      "quoteQty": "0.94110",
      "time": 1690806906751,
      "isBuyerMaker": true
   },
   {
      "id": 954038566,
      "price": "0.31380",
      "qty": "647",
      "quoteQty": "203.02860",
      "time": 1690806907088,
      "isBuyerMaker": false
   },
   {
      "id": 954038567,
      "price": "0.31370",
      "qty": "3",
      "quoteQty": "0.94110",
      "time": 1690806907227,
      "isBuyerMaker": true
   },
   {
      "id": 954038568,
      "price": "0.31380",
      "qty": "44",
      "quoteQty": "13.80720",
      "time": 1690806908355,
      "isBuyerMaker": false
   },
   {
      "id": 954038569,
      "price": "0.31380",
      "qty": "129",
      "quoteQty": "40.48020",
      "time": 1690806911464,
      "isBuyerMaker": false
   },
   {
      "id": 954038570,
      "price": "0.31380",
      "qty": "960",
      "quoteQty": "301.24800",
      "time": 1690806912320,
      "isBuyerMaker": false
   },
   {
      "id": 954038571,
      "price": "0.31380",
      "qty": "7038",
      "quoteQty": "2208.52440",
      "time": 1690806912320,
      "isBuyerMaker": false
   },
   {
      "id": 954038572,
      "price": "0.31370",
      "qty": "159",
      "quoteQty": "49.87830",
      "time": 1690806912381,
      "isBuyerMaker": true
   },
   {
      "id": 954038573,
      "price": "0.31370",
      "qty": "596",
      "quoteQty": "186.96520",
      "time": 1690806914539,
      "isBuyerMaker": true
   },
   {
      "id": 954038574,
      "price": "0.31380",
      "qty": "296",
      "quoteQty": "92.88480",
      "time": 1690806915006,
      "isBuyerMaker": false
   },
   {
      "id": 954038575,
      "price": "0.31380",
      "qty": "7817",
      "quoteQty": "2452.97460",
      "time": 1690806918891,
      "isBuyerMaker": false
   },
   {
      "id": 954038576,
      "price": "0.31380",
      "qty": "7630",
      "quoteQty": "2394.29400",
      "time": 1690806918891,
      "isBuyerMaker": false
   },
   {
      "id": 954038577,
      "price": "0.31380",
      "qty": "31",
      "quoteQty": "9.72780",
      "time": 1690806920013,
      "isBuyerMaker": false
   },
   {
      "id": 954038578,
      "price": "0.31370",
      "qty": "726",
      "quoteQty": "227.74620",
      "time": 1690806920157,
      "isBuyerMaker": true
   },
   {
      "id": 954038579,
      "price": "0.31370",
      "qty": "31",
      "quoteQty": "9.72470",
      "time": 1690806920157,
      "isBuyerMaker": true
   },
   {
      "id": 954038580,
      "price": "0.31370",
      "qty": "1213",
      "quoteQty": "380.51810",
      "time": 1690806920157,
      "isBuyerMaker": true
   },
   {
      "id": 954038581,
      "price": "0.31370",
      "qty": "921",
      "quoteQty": "288.91770",
      "time": 1690806920157,
      "isBuyerMaker": true
   },
   {
      "id": 954038582,
      "price": "0.31370",
      "qty": "115",
      "quoteQty": "36.07550",
      "time": 1690806920157,
      "isBuyerMaker": true
   },
   {
      "id": 954038583,
      "price": "0.31370",
      "qty": "74",
      "quoteQty": "23.21380",
      "time": 1690806920157,
      "isBuyerMaker": true
   },
   {
      "id": 954038584,
      "price": "0.31370",
      "qty": "172",
      "quoteQty": "53.95640",
      "time": 1690806920157,
      "isBuyerMaker": true
   },
   {
      "id": 954038585,
      "price": "0.31370",
      "qty": "1643",
      "quoteQty": "515.40910",
      "time": 1690806920157,
      "isBuyerMaker": true
   },
   {
      "id": 954038586,
      "price": "0.31370",
      "qty": "191",
      "quoteQty": "59.91670",
      "time": 1690806920157,
      "isBuyerMaker": true
   },
   {
      "id": 954038587,
      "price": "0.31370",
      "qty": "218",
      "quoteQty": "68.38660",
      "time": 1690806920157,
      "isBuyerMaker": true
   },
   {
      "id": 954038588,
      "price": "0.31370",
      "qty": "477",
      "quoteQty": "149.63490",
      "time": 1690806920157,
      "isBuyerMaker": true
   },
   {
      "id": 954038589,
      "price": "0.31370",
      "qty": "16",
      "quoteQty": "5.01920",
      "time": 1690806920157,
      "isBuyerMaker": true
   },
   {
      "id": 954038590,
      "price": "0.31370",
      "qty": "16",
      "quoteQty": "5.01920",
      "time": 1690806920157,
      "isBuyerMaker": true
   },
   {
      "id": 954038591,
      "price": "0.31370",
      "qty": "195",
      "quoteQty": "61.17150",
      "time": 1690806920157,
      "isBuyerMaker": true
   },
   {
      "id": 954038592,
      "price": "0.31370",
      "qty": "80",
      "quoteQty": "25.09600",
      "time": 1690806920157,
      "isBuyerMaker": true
   },
   {
      "id": 954038593,
      "price": "0.31370",
      "qty": "44",
      "quoteQty": "13.80280",
      "time": 1690806920157,
      "isBuyerMaker": true
   },
   {
      "id": 954038594,
      "price": "0.31370",
      "qty": "120",
      "quoteQty": "37.64400",
      "time": 1690806920157,
      "isBuyerMaker": true
   },
   {
      "id": 954038595,
      "price": "0.31370",
      "qty": "16",
      "quoteQty": "5.01920",
      "time": 1690806920157,
      "isBuyerMaker": true
   },
   {
      "id": 954038596,
      "price": "0.31370",
      "qty": "40",
      "quoteQty": "12.54800",
      "time": 1690806920157,
      "isBuyerMaker": true
   },
   {
      "id": 954038597,
      "price": "0.31370",
      "qty": "35",
      "quoteQty": "10.97950",
      "time": 1690806920157,
      "isBuyerMaker": true
   },
   {
      "id": 954038598,
      "price": "0.31370",
      "qty": "862",
      "quoteQty": "270.40940",
      "time": 1690806920157,
      "isBuyerMaker": true
   },
   {
      "id": 954038599,
      "price": "0.31370",
      "qty": "41",
      "quoteQty": "12.86170",
      "time": 1690806920157,
      "isBuyerMaker": true
   },
   {
      "id": 954038600,
      "price": "0.31370",
      "qty": "435",
      "quoteQty": "136.45950",
      "time": 1690806920157,
      "isBuyerMaker": true
   },
   {
      "id": 954038601,
      "price": "0.31370",
      "qty": "156",
      "quoteQty": "48.93720",
      "time": 1690806920157,
      "isBuyerMaker": true
   },
   {
      "id": 954038602,
      "price": "0.31370",
      "qty": "567",
      "quoteQty": "177.86790",
      "time": 1690806920157,
      "isBuyerMaker": true
   },
   {
      "id": 954038603,
      "price": "0.31370",
      "qty": "74",
      "quoteQty": "23.21380",
      "time": 1690806920157,
      "isBuyerMaker": true
   },
   {
      "id": 954038604,
      "price": "0.31360",
      "qty": "4200",
      "quoteQty": "1317.12000",
      "time": 1690806920157,
      "isBuyerMaker": true
   },
   {
      "id": 954038605,
      "price": "0.31360",
      "qty": "1122",
      "quoteQty": "351.85920",
      "time": 1690806920157,
      "isBuyerMaker": true
   },
   {
      "id": 954038606,
      "price": "0.31360",
      "qty": "6787",
      "quoteQty": "2128.40320",
      "time": 1690806920157,
      "isBuyerMaker": true
   },
   {
      "id": 954038607,
      "price": "0.31370",
      "qty": "323",
      "quoteQty": "101.32510",
      "time": 1690806920186,
      "isBuyerMaker": false
   },
   {
      "id": 954038608,
      "price": "0.31360",
      "qty": "519",
      "quoteQty": "162.75840",
      "time": 1690806920196,
      "isBuyerMaker": true
   },
   {
      "id": 954038609,
      "price": "0.31360",
      "qty": "1",
      "quoteQty": "0.31360",
      "time": 1690806924415,
      "isBuyerMaker": true
   },
   {
      "id": 954038610,
      "price": "0.31360",
      "qty": "1",
      "quoteQty": "0.31360",
      "time": 1690806924531,
      "isBuyerMaker": true
   },
   {
      "id": 954038611,
      "price": "0.31360",
      "qty": "1",
      "quoteQty": "0.31360",
      "time": 1690806924583,
      "isBuyerMaker": true
   },
   {
      "id": 954038612,
      "price": "0.31360",
      "qty": "4998",
      "quoteQty": "1567.37280",
      "time": 1690806924686,
      "isBuyerMaker": true
   },
   {
      "id": 954038613,
      "price": "0.31360",
      "qty": "1",
      "quoteQty": "0.31360",
      "time": 1690806924894,
      "isBuyerMaker": true
   },
   {
      "id": 954038614,
      "price": "0.31360",
      "qty": "2",
      "quoteQty": "0.62720",
      "time": 1690806925103,
      "isBuyerMaker": true
   },
   {
      "id": 954038615,
      "price": "0.31360",
      "qty": "2",
      "quoteQty": "0.62720",
      "time": 1690806925411,
      "isBuyerMaker": true
   },
   {
      "id": 954038616,
      "price": "0.31360",
      "qty": "1",
      "quoteQty": "0.31360",
      "time": 1690806925486,
      "isBuyerMaker": true
   },
   {
      "id": 954038617,
      "price": "0.31360",
      "qty": "3",
      "quoteQty": "0.94080",
      "time": 1690806925546,
      "isBuyerMaker": true
   },
   {
      "id": 954038618,
      "price": "0.31360",
      "qty": "3",
      "quoteQty": "0.94080",
      "time": 1690806925577,
      "isBuyerMaker": true
   },
   {
      "id": 954038619,
      "price": "0.31360",
      "qty": "12",
      "quoteQty": "3.76320",
      "time": 1690806925640,
      "isBuyerMaker": true
   },
   {
      "id": 954038620,
      "price": "0.31360",
      "qty": "6",
      "quoteQty": "1.88160",
      "time": 1690806925644,
      "isBuyerMaker": true
   },
   {
      "id": 954038621,
      "price": "0.31360",
      "qty": "1",
      "quoteQty": "0.31360",
      "time": 1690806925694,
      "isBuyerMaker": true
   },
   {
      "id": 954038622,
      "price": "0.31360",
      "qty": "1",
      "quoteQty": "0.31360",
      "time": 1690806925920,
      "isBuyerMaker": true
   },
   {
      "id": 954038623,
      "price": "0.31360",
      "qty": "1",
      "quoteQty": "0.31360",
      "time": 1690806925932,
      "isBuyerMaker": true
   },
   {
      "id": 954038624,
      "price": "0.31360",
      "qty": "1",
      "quoteQty": "0.31360",
      "time": 1690806926060,
      "isBuyerMaker": true
   },
   {
      "id": 954038625,
      "price": "0.31370",
      "qty": "59",
      "quoteQty": "18.50830",
      "time": 1690806926616,
      "isBuyerMaker": false
   },
   {
      "id": 954038626,
      "price": "0.31360",
      "qty": "21",
      "quoteQty": "6.58560",
      "time": 1690806927513,
      "isBuyerMaker": true
   },
   {
      "id": 954038627,
      "price": "0.31360",
      "qty": "4",
      "quoteQty": "1.25440",
      "time": 1690806928549,
      "isBuyerMaker": true
   },
   {
      "id": 954038628,
      "price": "0.31370",
      "qty": "2804",
      "quoteQty": "879.61480",
      "time": 1690806929374,
      "isBuyerMaker": false
   },
   {
      "id": 954038629,
      "price": "0.31360",
      "qty": "115",
      "quoteQty": "36.06400",
      "time": 1690806929617,
      "isBuyerMaker": true
   },
   {
      "id": 954038630,
      "price": "0.31370",
      "qty": "13331",
      "quoteQty": "4181.93470",
      "time": 1690806929849,
      "isBuyerMaker": false
   },
   {
      "id": 954038631,
      "price": "0.31370",
      "qty": "14953",
      "quoteQty": "4690.75610",
      "time": 1690806929849,
      "isBuyerMaker": false
   },
   {
      "id": 954038632,
      "price": "0.31370",
      "qty": "1281",
      "quoteQty": "401.84970",
      "time": 1690806929849,
      "isBuyerMaker": false
   },
   {
      "id": 954038633,
      "price": "0.31370",
      "qty": "14433",
      "quoteQty": "4527.63210",
      "time": 1690806929849,
      "isBuyerMaker": false
   },
   {
      "id": 954038634,
      "price": "0.31370",
      "qty": "14953",
      "quoteQty": "4690.75610",
      "time": 1690806929849,
      "isBuyerMaker": false
   },
   {
      "id": 954038635,
      "price": "0.31370",
      "qty": "17786",
      "quoteQty": "5579.46820",
      "time": 1690806929849,
      "isBuyerMaker": false
   },
   {
      "id": 954038636,
      "price": "0.31370",
      "qty": "1711",
      "quoteQty": "536.74070",
      "time": 1690806929876,
      "isBuyerMaker": false
   },
   {
      "id": 954038637,
      "price": "0.31370",
      "qty": "1754",
      "quoteQty": "550.22980",
      "time": 1690806929876,
      "isBuyerMaker": false
   },
   {
      "id": 954038638,
      "price": "0.31370",
      "qty": "16",
      "quoteQty": "5.01920",
      "time": 1690806929876,
      "isBuyerMaker": false
   },
   {
      "id": 954038639,
      "price": "0.31370",
      "qty": "7077",
      "quoteQty": "2220.05490",
      "time": 1690806929876,
      "isBuyerMaker": false
   },
   {
      "id": 954038640,
      "price": "0.31370",
      "qty": "40",
      "quoteQty": "12.54800",
      "time": 1690806929876,
      "isBuyerMaker": false
   },
   {
      "id": 954038641,
      "price": "0.31370",
      "qty": "10381",
      "quoteQty": "3256.51970",
      "time": 1690806929876,
      "isBuyerMaker": false
   },
   {
      "id": 954038642,
      "price": "0.31370",
      "qty": "335",
      "quoteQty": "105.08950",
      "time": 1690806929876,
      "isBuyerMaker": false
   },
   {
      "id": 954038643,
      "price": "0.31370",
      "qty": "253",
      "quoteQty": "79.36610",
      "time": 1690806929876,
      "isBuyerMaker": false
   },
   {
      "id": 954038644,
      "price": "0.31370",
      "qty": "23",
      "quoteQty": "7.21510",
      "time": 1690806929876,
      "isBuyerMaker": false
   },
   {
      "id": 954038645,
      "price": "0.31370",
      "qty": "549",
      "quoteQty": "172.22130",
      "time": 1690806929876,
      "isBuyerMaker": false
   },
   {
      "id": 954038646,
      "price": "0.31370",
      "qty": "17",
      "quoteQty": "5.33290",
      "time": 1690806929876,
      "isBuyerMaker": false
   },
   {
      "id": 954038647,
      "price": "0.31370",
      "qty": "1809",
      "quoteQty": "567.48330",
      "time": 1690806929876,
      "isBuyerMaker": false
   },
   {
      "id": 954038648,
      "price": "0.31370",
      "qty": "85",
      "quoteQty": "26.66450",
      "time": 1690806929876,
      "isBuyerMaker": false
   },
   {
      "id": 954038649,
      "price": "0.31370",
      "qty": "14343",
      "quoteQty": "4499.39910",
      "time": 1690806929876,
      "isBuyerMaker": false
   },
   {
      "id": 954038650,
      "price": "0.31370",
      "qty": "1324",
      "quoteQty": "415.33880",
      "time": 1690806929876,
      "isBuyerMaker": false
   },
   {
      "id": 954038651,
      "price": "0.31370",
      "qty": "55",
      "quoteQty": "17.25350",
      "time": 1690806929876,
      "isBuyerMaker": false
   },
   {
      "id": 954038652,
      "price": "0.31370",
      "qty": "1252",
      "quoteQty": "392.75240",
      "time": 1690806929876,
      "isBuyerMaker": false
   },
   {
      "id": 954038653,
      "price": "0.31370",
      "qty": "1132",
      "quoteQty": "355.10840",
      "time": 1690806929876,
      "isBuyerMaker": false
   },
   {
      "id": 954038654,
      "price": "0.31370",
      "qty": "596",
      "quoteQty": "186.96520",
      "time": 1690806929876,
      "isBuyerMaker": false
   },
   {
      "id": 954038655,
      "price": "0.31370",
      "qty": "4998",
      "quoteQty": "1567.87260",
      "time": 1690806929876,
      "isBuyerMaker": false
   },
   {
      "id": 954038656,
      "price": "0.31370",
      "qty": "35",
      "quoteQty": "10.97950",
      "time": 1690806929876,
      "isBuyerMaker": false
   },
   {
      "id": 954038657,
      "price": "0.31370",
      "qty": "2314",
      "quoteQty": "725.90180",
      "time": 1690806929876,
      "isBuyerMaker": false
   },
   {
      "id": 954038658,
      "price": "0.31370",
      "qty": "156",
      "quoteQty": "48.93720",
      "time": 1690806929876,
      "isBuyerMaker": false
   },
   {
      "id": 954038659,
      "price": "0.31370",
      "qty": "139",
      "quoteQty": "43.60430",
      "time": 1690806929876,
      "isBuyerMaker": false
   },
   {
      "id": 954038660,
      "price": "0.31370",
      "qty": "3188",
      "quoteQty": "1000.07560",
      "time": 1690806929876,
      "isBuyerMaker": false
   },
   {
      "id": 954038661,
      "price": "0.31370",
      "qty": "114",
      "quoteQty": "35.76180",
      "time": 1690806929876,
      "isBuyerMaker": false
   },
   {
      "id": 954038662,
      "price": "0.31370",
      "qty": "1",
      "quoteQty": "0.31370",
      "time": 1690806930673,
      "isBuyerMaker": true
   },
   {
      "id": 954038663,
      "price": "0.31370",
      "qty": "4",
      "quoteQty": "1.25480",
      "time": 1690806930883,
      "isBuyerMaker": true
   },
   {
      "id": 954038664,
      "price": "0.31370",
      "qty": "1",
      "quoteQty": "0.31370",
      "time": 1690806931318,
      "isBuyerMaker": true
   },
   {
      "id": 954038665,
      "price": "0.31370",
      "qty": "4",
      "quoteQty": "1.25480",
      "time": 1690806931330,
      "isBuyerMaker": true
   },
   {
      "id": 954038666,
      "price": "0.31370",
      "qty": "7969",
      "quoteQty": "2499.87530",
      "time": 1690806937260,
      "isBuyerMaker": true
   },
   {
      "id": 954038667,
      "price": "0.31380",
      "qty": "8856",
      "quoteQty": "2779.01280",
      "time": 1690806938059,
      "isBuyerMaker": false
   },
   {
      "id": 954038668,
      "price": "0.31380",
      "qty": "1121",
      "quoteQty": "351.76980",
      "time": 1690806938059,
      "isBuyerMaker": false
   },
   {
      "id": 954038669,
      "price": "0.31380",
      "qty": "19497",
      "quoteQty": "6118.15860",
      "time": 1690806938059,
      "isBuyerMaker": false
   },
   {
      "id": 954038670,
      "price": "0.31380",
      "qty": "1754",
      "quoteQty": "550.40520",
      "time": 1690806938059,
      "isBuyerMaker": false
   },
   {
      "id": 954038671,
      "price": "0.31380",
      "qty": "16",
      "quoteQty": "5.02080",
      "time": 1690806938059,
      "isBuyerMaker": false
   },
   {
      "id": 954038672,
      "price": "0.31380",
      "qty": "40",
      "quoteQty": "12.55200",
      "time": 1690806938059,
      "isBuyerMaker": false
   },
   {
      "id": 954038673,
      "price": "0.31380",
      "qty": "784",
      "quoteQty": "246.01920",
      "time": 1690806938059,
      "isBuyerMaker": false
   },
   {
      "id": 954038674,
      "price": "0.31380",
      "qty": "4960",
      "quoteQty": "1556.44800",
      "time": 1690806938059,
      "isBuyerMaker": false
   },
   {
      "id": 954038675,
      "price": "0.31380",
      "qty": "3826",
      "quoteQty": "1200.59880",
      "time": 1690806938059,
      "isBuyerMaker": false
   },
   {
      "id": 954038676,
      "price": "0.31380",
      "qty": "574",
      "quoteQty": "180.12120",
      "time": 1690806938059,
      "isBuyerMaker": false
   },
   {
      "id": 954038677,
      "price": "0.31380",
      "qty": "10000",
      "quoteQty": "3138.00000",
      "time": 1690806938059,
      "isBuyerMaker": false
   },
   {
      "id": 954038678,
      "price": "0.31380",
      "qty": "10288",
      "quoteQty": "3228.37440",
      "time": 1690806938059,
      "isBuyerMaker": false
   },
   {
      "id": 954038679,
      "price": "0.31380",
      "qty": "35",
      "quoteQty": "10.98300",
      "time": 1690806938059,
      "isBuyerMaker": false
   },
   {
      "id": 954038680,
      "price": "0.31380",
      "qty": "11963",
      "quoteQty": "3753.98940",
      "time": 1690806938059,
      "isBuyerMaker": false
   },
   {
      "id": 954038681,
      "price": "0.31380",
      "qty": "1330",
      "quoteQty": "417.35400",
      "time": 1690806938059,
      "isBuyerMaker": false
   },
   {
      "id": 954038682,
      "price": "0.31380",
      "qty": "1274",
      "quoteQty": "399.78120",
      "time": 1690806938059,
      "isBuyerMaker": false
   },
   {
      "id": 954038683,
      "price": "0.31380",
      "qty": "30",
      "quoteQty": "9.41400",
      "time": 1690806938059,
      "isBuyerMaker": false
   },
   {
      "id": 954038684,
      "price": "0.31380",
      "qty": "6000",
      "quoteQty": "1882.80000",
      "time": 1690806938059,
      "isBuyerMaker": false
   },
   {
      "id": 954038685,
      "price": "0.31380",
      "qty": "15607",
      "quoteQty": "4897.47660",
      "time": 1690806938059,
      "isBuyerMaker": false
   },
   {
      "id": 954038686,
      "price": "0.31380",
      "qty": "22",
      "quoteQty": "6.90360",
      "time": 1690806938059,
      "isBuyerMaker": false
   },
   {
      "id": 954038687,
      "price": "0.31380",
      "qty": "156",
      "quoteQty": "48.95280",
      "time": 1690806938059,
      "isBuyerMaker": false
   },
   {
      "id": 954038688,
      "price": "0.31390",
      "qty": "12060",
      "quoteQty": "3785.63400",
      "time": 1690806938059,
      "isBuyerMaker": false
   },
   {
      "id": 954038689,
      "price": "0.31390",
      "qty": "10000",
      "quoteQty": "3139.00000",
      "time": 1690806938059,
      "isBuyerMaker": false
   },
   {
      "id": 954038690,
      "price": "0.31390",
      "qty": "12021",
      "quoteQty": "3773.39190",
      "time": 1690806938059,
      "isBuyerMaker": false
   },
   {
      "id": 954038691,
      "price": "0.31390",
      "qty": "6000",
      "quoteQty": "1883.40000",
      "time": 1690806938059,
      "isBuyerMaker": false
   },
   {
      "id": 954038692,
      "price": "0.31390",
      "qty": "21",
      "quoteQty": "6.59190",
      "time": 1690806938059,
      "isBuyerMaker": false
   },
   {
      "id": 954038693,
      "price": "0.31390",
      "qty": "1671",
      "quoteQty": "524.52690",
      "time": 1690806938059,
      "isBuyerMaker": false
   },
   {
      "id": 954038694,
      "price": "0.31390",
      "qty": "16",
      "quoteQty": "5.02240",
      "time": 1690806938059,
      "isBuyerMaker": false
   },
   {
      "id": 954038695,
      "price": "0.31390",
      "qty": "40",
      "quoteQty": "12.55600",
      "time": 1690806938059,
      "isBuyerMaker": false
   },
   {
      "id": 954038696,
      "price": "0.31390",
      "qty": "477",
      "quoteQty": "149.73030",
      "time": 1690806938059,
      "isBuyerMaker": false
   },
   {
      "id": 954038697,
      "price": "0.31390",
      "qty": "2924",
      "quoteQty": "917.84360",
      "time": 1690806938059,
      "isBuyerMaker": false
   },
   {
      "id": 954038698,
      "price": "0.31390",
      "qty": "111",
      "quoteQty": "34.84290",
      "time": 1690806938059,
      "isBuyerMaker": false
   },
   {
      "id": 954038699,
      "price": "0.31390",
      "qty": "557",
      "quoteQty": "174.84230",
      "time": 1690806938059,
      "isBuyerMaker": false
   },
   {
      "id": 954038700,
      "price": "0.31390",
      "qty": "955",
      "quoteQty": "299.77450",
      "time": 1690806938059,
      "isBuyerMaker": false
   },
   {
      "id": 954038701,
      "price": "0.31390",
      "qty": "2768",
      "quoteQty": "868.87520",
      "time": 1690806938060,
      "isBuyerMaker": false
   },
   {
      "id": 954038702,
      "price": "0.31390",
      "qty": "1000",
      "quoteQty": "313.90000",
      "time": 1690806938334,
      "isBuyerMaker": false
   },
   {
      "id": 954038703,
      "price": "0.31390",
      "qty": "400",
      "quoteQty": "125.56000",
      "time": 1690806950066,
      "isBuyerMaker": false
   },
   {
      "id": 954038704,
      "price": "0.31390",
      "qty": "8000",
      "quoteQty": "2511.20000",
      "time": 1690806951385,
      "isBuyerMaker": false
   },
   {
      "id": 954038705,
      "price": "0.31390",
      "qty": "33",
      "quoteQty": "10.35870",
      "time": 1690806953305,
      "isBuyerMaker": false
   },
   {
      "id": 954038706,
      "price": "0.31380",
      "qty": "5070",
      "quoteQty": "1590.96600",
      "time": 1690806953601,
      "isBuyerMaker": true
   },
   {
      "id": 954038707,
      "price": "0.31390",
      "qty": "1257",
      "quoteQty": "394.57230",
      "time": 1690806955676,
      "isBuyerMaker": false
   },
   {
      "id": 954038708,
      "price": "0.31390",
      "qty": "34",
      "quoteQty": "10.67260",
      "time": 1690806956370,
      "isBuyerMaker": false
   },
   {
      "id": 954038709,
      "price": "0.31380",
      "qty": "9883",
      "quoteQty": "3101.28540",
      "time": 1690806958373,
      "isBuyerMaker": true
   },
   {
      "id": 954038710,
      "price": "0.31380",
      "qty": "719",
      "quoteQty": "225.62220",
      "time": 1690806958373,
      "isBuyerMaker": true
   },
   {
      "id": 954038711,
      "price": "0.31380",
      "qty": "4016",
      "quoteQty": "1260.22080",
      "time": 1690806958373,
      "isBuyerMaker": true
   },
   {
      "id": 954038712,
      "price": "0.31380",
      "qty": "42",
      "quoteQty": "13.17960",
      "time": 1690806962234,
      "isBuyerMaker": true
   },
   {
      "id": 954038713,
      "price": "0.31380",
      "qty": "78",
      "quoteQty": "24.47640",
      "time": 1690806962375,
      "isBuyerMaker": true
   },
   {
      "id": 954038714,
      "price": "0.31380",
      "qty": "116",
      "quoteQty": "36.40080",
      "time": 1690806962511,
      "isBuyerMaker": true
   },
   {
      "id": 954038715,
      "price": "0.31380",
      "qty": "201",
      "quoteQty": "63.07380",
      "time": 1690806962534,
      "isBuyerMaker": true
   },
   {
      "id": 954038716,
      "price": "0.31380",
      "qty": "16",
      "quoteQty": "5.02080",
      "time": 1690806962543,
      "isBuyerMaker": true
   },
   {
      "id": 954038717,
      "price": "0.31380",
      "qty": "72",
      "quoteQty": "22.59360",
      "time": 1690806962563,
      "isBuyerMaker": true
   },
   {
      "id": 954038718,
      "price": "0.31380",
      "qty": "31",
      "quoteQty": "9.72780",
      "time": 1690806962574,
      "isBuyerMaker": true
   },
   {
      "id": 954038719,
      "price": "0.31380",
      "qty": "37",
      "quoteQty": "11.61060",
      "time": 1690806962599,
      "isBuyerMaker": true
   },
   {
      "id": 954038720,
      "price": "0.31380",
      "qty": "421",
      "quoteQty": "132.10980",
      "time": 1690806962652,
      "isBuyerMaker": true
   },
   {
      "id": 954038721,
      "price": "0.31380",
      "qty": "158",
      "quoteQty": "49.58040",
      "time": 1690806962697,
      "isBuyerMaker": true
   },
   {
      "id": 954038722,
      "price": "0.31380",
      "qty": "202",
      "quoteQty": "63.38760",
      "time": 1690806962760,
      "isBuyerMaker": true
   },
   {
      "id": 954038723,
      "price": "0.31380",
      "qty": "61",
      "quoteQty": "19.14180",
      "time": 1690806962804,
      "isBuyerMaker": true
   },
   {
      "id": 954038724,
      "price": "0.31380",
      "qty": "84",
      "quoteQty": "26.35920",
      "time": 1690806962834,
      "isBuyerMaker": true
   },
   {
      "id": 954038725,
      "price": "0.31380",
      "qty": "166",
      "quoteQty": "52.09080",
      "time": 1690806962852,
      "isBuyerMaker": true
   },
   {
      "id": 954038726,
      "price": "0.31380",
      "qty": "164",
      "quoteQty": "51.46320",
      "time": 1690806962904,
      "isBuyerMaker": true
   },
   {
      "id": 954038727,
      "price": "0.31380",
      "qty": "514",
      "quoteQty": "161.29320",
      "time": 1690806962968,
      "isBuyerMaker": true
   },
   {
      "id": 954038728,
      "price": "0.31380",
      "qty": "133",
      "quoteQty": "41.73540",
      "time": 1690806962981,
      "isBuyerMaker": true
   },
   {
      "id": 954038729,
      "price": "0.31380",
      "qty": "171",
      "quoteQty": "53.65980",
      "time": 1690806963033,
      "isBuyerMaker": true
   },
   {
      "id": 954038730,
      "price": "0.31380",
      "qty": "32",
      "quoteQty": "10.04160",
      "time": 1690806963116,
      "isBuyerMaker": true
   },
   {
      "id": 954038731,
      "price": "0.31380",
      "qty": "313",
      "quoteQty": "98.21940",
      "time": 1690806963126,
      "isBuyerMaker": true
   },
   {
      "id": 954038732,
      "price": "0.31390",
      "qty": "52",
      "quoteQty": "16.32280",
      "time": 1690806967699,
      "isBuyerMaker": false
   },
   {
      "id": 954038733,
      "price": "0.31390",
      "qty": "6000",
      "quoteQty": "1883.40000",
      "time": 1690806967881,
      "isBuyerMaker": false
   },
   {
      "id": 954038734,
      "price": "0.31390",
      "qty": "3721",
      "quoteQty": "1168.02190",
      "time": 1690806967902,
      "isBuyerMaker": false
   },
   {
      "id": 954038735,
      "price": "0.31390",
      "qty": "143",
      "quoteQty": "44.88770",
      "time": 1690806967902,
      "isBuyerMaker": false
   },
   {
      "id": 954038736,
      "price": "0.31390",
      "qty": "1626",
      "quoteQty": "510.40140",
      "time": 1690806967902,
      "isBuyerMaker": false
   },
   {
      "id": 954038737,
      "price": "0.31390",
      "qty": "1643",
      "quoteQty": "515.73770",
      "time": 1690806967902,
      "isBuyerMaker": false
   },
   {
      "id": 954038738,
      "price": "0.31390",
      "qty": "6525",
      "quoteQty": "2048.19750",
      "time": 1690806967902,
      "isBuyerMaker": false
   },
   {
      "id": 954038739,
      "price": "0.31390",
      "qty": "2023",
      "quoteQty": "635.01970",
      "time": 1690806967902,
      "isBuyerMaker": false
   },
   {
      "id": 954038740,
      "price": "0.31390",
      "qty": "16",
      "quoteQty": "5.02240",
      "time": 1690806967902,
      "isBuyerMaker": false
   },
   {
      "id": 954038741,
      "price": "0.31390",
      "qty": "40",
      "quoteQty": "12.55600",
      "time": 1690806967902,
      "isBuyerMaker": false
   },
   {
      "id": 954038742,
      "price": "0.31390",
      "qty": "1115",
      "quoteQty": "349.99850",
      "time": 1690806967902,
      "isBuyerMaker": false
   },
   {
      "id": 954038743,
      "price": "0.31390",
      "qty": "1176",
      "quoteQty": "369.14640",
      "time": 1690806967902,
      "isBuyerMaker": false
   }
]