[
   {
      "a": 384115340,
      "p": "0.31360",
      "q": "1233",
      "f": 954038150,
      "l": 954038151,
      "T": 1690806793582,
      "m": true
   },
   {
      "a": 384115341,
      "p": "0.31370",
      "q": "319",
      "f": 954038152,
      "l": 954038152,
      "T": 1690806796494,
      "m": false
   },
   {
      "a": 384115342,
      "p": "0.31370",
      "q": "949",
      "f": 954038153,
      "l": 954038153,
      "T": 1690806797898,
      "m": false
   },
   {
      "a": 384115343,
      "p": "0.31360",
      "q": "1463",
      "f": 954038154,
      "l": 954038154,
      "T": 1690806801283,
      "m": true
   },
   {
      "a": 384115344,
      "p": "0.31370",
      "q": "35",
      "f": 954038155,
      "l": 954038155,
      "T": 1690806801650,
      "m": false
   },
   {
      "a": 384115345,
      "p": "0.31360",
      "q": "1",
      "f": 954038156,
      "l": 954038156,
      "T": 1690806802333,
      "m": true
   },
   {
      "a": 384115346,
      "p": "0.31360",
      "q": "6",
      "f": 954038157,
      "l": 954038158,
      "T": 1690806802479,
      "m": true
   },
   {
      "a": 384115347,
      "p": "0.31360",
      "q": "2",
      "f": 954038159,
      "l": 954038159,
      "T": 1690806802803,
      "m": true
   },
   {
      "a": 384115348,
      "p": "0.31370",
      "q": "6024",
      "f": 954038160,
      "l": 954038162,
      "T": 1690806804345,
      "m": false
   },
   {
      "a": 384115349,
      "p": "0.31370",
      "q": "6770",
      "f": 954038163,
      "l": 954038174,
      "T": 1690806804657,
      "m": false
   },
   {
      "a": 384115350,
      "p": "0.31360",
      "q": "1",
      "f": 954038175,
      "l": 954038175,
      "T": 1690806806561,
      "m": true
   },
   {
      "a": 384115351,
      "p": "0.31360",
      "q": "1",
      "f": 954038176,
      "l": 954038176,
      "T": 1690806806761,
      "m": true
   },
   {
      "a": 384115352,
      "p": "0.31360",
      "q": "1",
      "f": 954038177,
      "l": 954038177,
      "T": 1690806806898,
      "m": true
   },
   {
      "a": 384115353,
      "p": "0.31360",
      "q": "95",
      "f": 954038178,
      "l": 954038178,
      "T": 1690806807091,
      "m": true
   },
   {
      "a": 384115354,
      "p": "0.31360",
      "q": "1",
      "f": 954038179,
      "l": 954038179,
      "T": 1690806807234,
      "m": true
   },
   {
      "a": 384115355,
      "p": "0.31360",
      "q": "1",
      "f": 954038180,
      "l": 954038180,
      "T": 1690806807335,
      "m": true
   },
   {
      "a": 384115356,
      "p": "0.31360",
      "q": "21",
      "f": 954038181,
      "l": 954038182,
      "T": 1690806808470,
      "m": true
   },
   {
      "a": 384115357,
      "p": "0.31370",
      "q": "300",
      "f": 954038183,
      "l": 954038183,
      "T": 1690806812141,
      "m": false
   },
   {
      "a": 384115358,
      "p": "0.31370",
      "q": "1265",
      "f": 954038184,
      "l": 954038186,
      "T": 1690806812851,
      "m": false
   },
   {
      "a": 384115359,
      "p": "0.31370",
      "q": "35935",
      "f": 954038187,
      "l": 954038223,
      "T": 1690806814398,
      "m": false
   },
   {
      "a": 384115360,
      "p": "0.31380",
      "q": "43",
      "f": 954038224,
      "l": 954038224,
      "T": 1690806814811,
      "m": false
   },
   {
      "a": 384115361,
      "p": "0.31370",
      "q": "601",
      "f": 954038225,
      "l": 954038226,
      "T": 1690806815222,
      "m": true
   },
   {
      "a": 384115362,
      "p": "0.31370",
      "q": "5296",
      "f": 954038227,
      "l": 954038228,
      "T": 1690806815973,
      "m": true
   },
   {
      "a": 384115363,
      "p": "0.31370",
      "q": "600",
      "f": 954038229,
      "l": 954038229,
      "T": 1690806816217,
      "m": true
   },
   {
      "a": 384115364,
      "p": "0.31380",
      "q": "156",
      "f": 954038230,
      "l": 954038230,
      "T": 1690806816946,
      "m": false
   },
   {
      "a": 384115365,
      "p": "0.31370",
      "q": "609",
      "f": 954038231,
      "l": 954038231,
      "T": 1690806817239,
      "m": true
   },
   {
      "a": 384115366,
      "p": "0.31370",
      "q": "610",
      "f": 954038232,
      "l": 954038233,
      "T": 1690806818225,
      "m": true
   },
   {
      "a": 384115367,
      "p": "0.31370",
      "q": "610",
      "f": 954038234,
      "l": 954038234,
      "T": 1690806819213,
      "m": true
   },
   {
      "a": 384115368,
      "p": "0.31370",
      "q": "610",
      "f": 954038235,
      "l": 954038235,
      "T": 1690806820219,
      "m": true
   },
   {
      "a": 384115369,
      "p": "0.31380",
      "q": "24",
      "f": 954038236,
      "l": 954038236,
      "T": 1690806821097,
      "m": false
   },
   {
      "a": 384115370,
      "p": "0.31370",
      "q": "610",
      "f": 954038237,
      "l": 954038237,
      "T": 1690806821219,
      "m": true
   },
   {
      "a": 384115371,
      "p": "0.31370",
      "q": "610",
      "f": 954038238,
      "l": 954038238,
      "T": 1690806822226,
      "m": true
   },
   {
      "a": 384115372,
      "p": "0.31370",
      "q": "438",
      "f": 954038239,
      "l": 954038239,
      "T": 1690806823223,
      "m": true
   },
   {
      "a": 384115373,
      "p": "0.31370",
      "q": "9880",
      "f": 954038240,
      "l": 954038240,
      "T": 1690806823445,
      "m": true
   },
   {
      "a": 384115374,
      "p": "0.31370",
      "q": "439",
      "f": 954038241,
      "l": 954038241,
      "T": 1690806824213,
      "m": true
   },
   {
      "a": 384115375,
      "p": "0.31370",
      "q": "439",
      "f": 954038242,
      "l": 954038242,
      "T": 1690806825227,
      "m": true
   },
   {
      "a": 384115376,
      "p": "0.31370",
      "q": "440",
      "f": 954038243,
      "l": 954038243,
      "T": 1690806826218,
      "m": true
   },
   {
      "a": 384115377,
      "p": "0.31370",
      "q": "412",
      "f": 954038244,
      "l": 954038244,
      "T": 1690806827225,
      "m": true
   },
   {
      "a": 384115378,
      "p": "0.31380",
      "q": "4140",
      "f": 954038245,
      "l": 954038246,
      "T": 1690806827561,
      "m": false
   },
   {
      "a": 384115379,
      "p": "0.31370",
      "q": "439",
      "f": 954038247,
      "l": 954038247,
      "T": 1690806829476,
      "m": true
   },
   {
      "a": 384115380,
      "p": "0.31380",
      "q": "1474",
      "f": 954038248,
      "l": 954038248,
      "T": 1690806830125,
      "m": false
   },
   {
      "a": 384115381,
      "p": "0.31380",
      "q": "31",
      "f": 954038249,
      "l": 954038249,
      "T": 1690806830529,
      "m": false
   },
   {
      "a": 384115382,
      "p": "0.31370",
      "q": "17",
      "f": 954038250,
      "l": 954038250,
      "T": 1690806830882,
      "m": true
   },
   {
      "a": 384115383,
      "p": "0.31380",
      "q": "20000",
      "f": 954038251,
      "l": 954038254,
      "T": 1690806830931,
      "m": false
   },
   {
      "a": 384115384,
      "p": "0.31380",
      "q": "2946",
      "f": 954038255,
      "l": 954038255,
      "T": 1690806831149,
      "m": false
   },
   {
      "a": 384115385,
      "p": "0.31370",
      "q": "585",
      "f": 954038256,
      "l": 954038256,
      "T": 1690806834113,
      "m": true
   },
   {
      "a": 384115386,
      "p": "0.31380",
      "q": "21602",
      "f": 954038257,
      "l": 954038287,
      "T": 1690806835437,
      "m": false
   },
   {
      "a": 384115387,
      "p": "0.31380",
      "q": "426",
      "f": 954038288,
      "l": 954038288,
      "T": 1690806836220,
      "m": true
   },
   {
      "a": 384115388,
      "p": "0.31380",
      "q": "115",
      "f": 954038289,
      "l": 954038289,
      "T": 1690806836584,
      "m": true
   },
   {
      "a": 384115389,
      "p": "0.31380",
      "q": "427",
      "f": 954038290,
      "l": 954038290,
      "T": 1690806837217,
      "m": true
   },
   {
      "a": 384115390,
      "p": "0.31380",
      "q": "428",
      "f": 954038291,
      "l": 954038291,
      "T": 1690806838214,
      "m": true
   },
   {
      "a": 384115391,
      "p": "0.31390",
      "q": "745",
      "f": 954038292,
      "l": 954038304,
      "T": 1690806838772,
      "m": false
   },
   {
      "a": 384115392,
      "p": "0.31380",
      "q": "428",
      "f": 954038305,
      "l": 954038305,
      "T": 1690806839215,
      "m": true
   },
   {
      "a": 384115393,
      "p": "0.31380",
      "q": "11853",
      "f": 954038306,
      "l": 954038306,
      "T": 1690806839519,
      "m": true
   },
   {
      "a": 384115394,
      "p": "0.31380",
      "q": "428",
      "f": 954038307,
      "l": 954038307,
      "T": 1690806840235,
      "m": true
   },
   {
      "a": 384115395,
      "p": "0.31390",
      "q": "20",
      "f": 954038308,
      "l": 954038308,
      "T": 1690806840653,
      "m": false
   },
   {
      "a": 384115396,
      "p": "0.31380",
      "q": "64",
      "f": 954038309,
      "l": 954038309,
      "T": 1690806840740,
      "m": true
   },
   {
      "a": 384115397,
      "p": "0.31380",
      "q": "2465",
      "f": 954038310,
      "l": 954038311,
      "T": 1690806841186,
      "m": true
   },
   {
      "a": 384115398,
      "p": "0.31380",
      "q": "17",
      "f": 954038312,
      "l": 954038312,
      "T": 1690806841559,
      "m": true
   },
   {
      "a": 384115399,
      "p": "0.31380",
      "q": "22",
      "f": 954038313,
      "l": 954038313,
      "T": 1690806841745,
      "m": true
   },
   {
      "a": 384115400,
      "p": "0.31380",
      "q": "1189",
      "f": 954038314,
      "l": 954038314,
      "T": 1690806842225,
      "m": true
   },
   {
      "a": 384115401,
      "p": "0.31380",
      "q": "1188",
      "f": 954038315,
      "l": 954038315,
      "T": 1690806843225,
      "m": true
   },
   {
      "a": 384115402,
      "p": "0.31380",
      "q": "1187",
      "f": 954038316,
      "l": 954038316,
      "T": 1690806844227,
      "m": true
   },
   {
      "a": 384115403,
      "p": "0.31380",
      "q": "31",
      "f": 954038317,
      "l": 954038317,
      "T": 1690806844398,
      "m": true
   },
   {
      "a": 384115404,
      "p": "0.31380",
      "q": "52103",
      "f": 954038318,
      "l": 954038324,
      "T": 1690806844702,
      "m": true
   },
   {
      "a": 384115405,
      "p": "0.31380",
      "q": "585",
      "f": 954038325,
      "l": 954038325,
      "T": 1690806845229,
      "m": true
   },
   {
      "a": 384115406,
      "p": "0.31380",
      "q": "585",
      "f": 954038326,
      "l": 954038326,
      "T": 1690806846218,
      "m": true
   },
   {
      "a": 384115407,
      "p": "0.31380",
      "q": "534",
      "f": 954038327,
      "l": 954038327,
      "T": 1690806847226,
      "m": true
   },
   {
      "a": 384115408,
      "p": "0.31380",
      "q": "169755",
      "f": 954038328,
      "l": 954038351,
      "T": 1690806847386,
      "m": true
   },
   {
      "a": 384115409,
      "p": "0.31370",
      "q": "4908",
      "f": 954038352,
      "l": 954038355,
      "T": 1690806847386,
      "m": true
   },
   {
      "a": 384115410,
      "p": "0.31380",
      "q": "19",
      "f": 954038356,
      "l": 954038356,
      "T": 1690806847516,
      "m": false
   },
   {
      "a": 384115411,
      "p": "0.31370",
      "q": "24",
      "f": 954038357,
      "l": 954038357,
      "T": 1690806847788,
      "m": true
   },
   {
      "a": 384115412,
      "p": "0.31370",
      "q": "24",
      "f": 954038358,
      "l": 954038358,
      "T": 1690806848141,
      "m": true
   },
   {
      "a": 384115413,
      "p": "0.31380",
      "q": "12560",
      "f": 954038359,
      "l": 954038359,
      "T": 1690806853524,
      "m": false
   },
   {
      "a": 384115414,
      "p": "0.31380",
      "q": "34",
      "f": 954038360,
      "l": 954038360,
      "T": 1690806855056,
      "m": false
   },
   {
      "a": 384115415,
      "p": "0.31380",
      "q": "1240",
      "f": 954038361,
      "l": 954038361,
      "T": 1690806855260,
      "m": false
   },
   {
      "a": 384115416,
      "p": "0.31380",
      "q": "330",
      "f": 954038362,
      "l": 954038362,
      "T": 1690806857879,
      "m": false
   },
   {
      "a": 384115417,
      "p": "0.31370",
      "q": "6530",
      "f": 954038363,
      "l": 954038363,
      "T": 1690806858332,
      "m": true
   },
   {
      "a": 384115418,
      "p": "0.31380",
      "q": "602",
      "f": 954038364,
      "l": 954038364,
      "T": 1690806859903,
      "m": false
   },
   {
      "a": 384115419,
      "p": "0.31380",
      "q": "59",
      "f": 954038365,
      "l": 954038365,
      "T": 1690806863612,
      "m": false
   },
   {
      "a": 384115420,
      "p": "0.31380",
      "q": "836",
      "f": 954038366,
      "l": 954038366,
      "T": 1690806864780,
      "m": false
   },
   {
      "a": 384115421,
      "p": "0.31370",
      "q": "1163",
      "f": 954038367,
      "l": 954038367,
      "T": 1690806865467,
      "m": true
   },
   {
      "a": 384115422,
      "p": "0.31370",
      "q": "3178",
      "f": 954038368,
      "l": 954038368,
      "T": 1690806865789,
      "m": true
   },
   {
      "a": 384115423,
      "p": "0.31380",
      "q": "1057",
      "f": 954038369,
      "l": 954038370,
      "T": 1690806866871,
      "m": false
   },
   {
      "a": 384115424,
      "p": "0.31380",
      "q": "165698",
      "f": 954038371,
      "l": 954038413,
      "T": 1690806870426,
      "m": false
   },
   {
      "a": 384115425,
      "p": "0.31390",
      "q": "149225",
      "f": 954038414,
      "l": 954038452,
      "T": 1690806870427,
      "m": false
   },
   {
      "a": 384115426,
      "p": "0.31380",
      "q": "34",
      "f": 954038453,
      "l": 954038453,
      "T": 1690806870436,
      "m": true
   },
   {
      "a": 384115427,
      "p": "0.31390",
      "q": "39",
      "f": 954038454,
      "l": 954038454,
      "T": 1690806870471,
      "m": false
   },
   {
      "a": 384115428,
      "p": "0.31380",
      "q": "756",
      "f": 954038455,
      "l": 954038455,
      "T": 1690806870508,
      "m": true
   },
   {
      "a": 384115429,
      "p": "0.31390",
      "q": "1578",
      "f": 954038456,
      "l": 954038457,
      "T": 1690806872037,
      "m": false
   },
   {
      "a": 384115430,
      "p": "0.31390",
      "q": "4311",
      "f": 954038458,
      "l": 954038459,
      "T": 1690806873025,
      "m": false
   },
   {
      "a": 384115431,
      "p": "0.31380",
      "q": "32243",
      "f": 954038460,
      "l": 954038464,
      "T": 1690806873025,
      "m": true
   },
   {
      "a": 384115432,
      "p": "0.31390",
      "q": "88",
      "f": 954038465,
      "l": 954038465,
      "T": 1690806875504,
      "m": false
   },
   {
      "a": 384115433,
      "p": "0.31390",
      "q": "16",
      "f": 954038466,
      "l": 954038466,
      "T": 1690806877104,
      "m": false
   },
   {
      "a": 384115434,
      "p": "0.31380",
      "q": "16",
      "f": 954038467,
      "l": 954038467,
      "T": 1690806877217,
      "m": true
   },
   {
      "a": 384115435,
      "p": "0.31380",
      "q": "79",
      "f": 954038468,
      "l": 954038468,
      "T": 1690806877502,
      "m": true
   },
   {
      "a": 384115436,
      "p": "0.31380",
      "q": "534",
      "f": 954038469,
      "l": 954038469,
      "T": 1690806878219,
      "m": true
   },
   {
      "a": 384115437,
      "p": "0.31380",
      "q": "534",
      "f": 954038470,
      "l": 954038470,
      "T": 1690806879215,
      "m": true
   },
   {
      "a": 384115438,
      "p": "0.31390",
      "q": "3691",
      "f": 954038471,
      "l": 954038472,
      "T": 1690806879843,
      "m": false
   },
   {
      "a": 384115439,
      "p": "0.31380",
      "q": "534",
      "f": 954038473,
      "l": 954038473,
      "T": 1690806880226,
      "m": true
   },
   {
      "a": 384115440,
      "p": "0.31380",
      "q": "534",
      "f": 954038474,
      "l": 954038474,
      "T": 1690806881217,
      "m": true
   },
   {
      "a": 384115441,
      "p": "0.31380",
      "q": "534",
      "f": 954038475,
      "l": 954038475,
      "T": 1690806882217,
      "m": true
   },
   {
      "a": 384115442,
      "p": "0.31380",
      "q": "535",
      "f": 954038476,
      "l": 954038476,
      "T": 1690806883218,
      "m": true
   },
   {
      "a": 384115443,
      "p": "0.31380",
      "q": "534",
      "f": 954038477,
      "l": 954038477,
      "T": 1690806884222,
      "m": true
   },
   {
      "a": 384115444,
      "p": "0.31380",
      "q": "534",
      "f": 954038478,
      "l": 954038478,
      "T": 1690806885222,
      "m": true
   },
   {
      "a": 384115445,
      "p": "0.31380",
      "q": "534",
      "f": 954038479,
      "l": 954038479,
      "T": 1690806886223,
      "m": true
   },
   {
      "a": 384115446,
      "p": "0.31380",
      "q": "534",
      "f": 954038480,
      "l": 954038480,
      "T": 1690806887217,
      "m": true
   },
   {
      "a": 384115447,
      "p": "0.31390",
      "q": "14977",
      "f": 954038481,
      "l": 954038510,
      "T": 1690806887713,
      "m": false
   },
   {
      "a": 384115448,
      "p": "0.31380",
      "q": "534",
      "f": 954038511,
      "l": 954038511,
      "T": 1690806889225,
      "m": true
   },
   {
      "a": 384115449,
      "p": "0.31390",
      "q": "671",
      "f": 954038512,
      "l": 954038512,
      "T": 1690806891942,
      "m": false
   },
   {
      "a": 384115450,
      "p": "0.31390",
      "q": "33",
      "f": 954038513,
      "l": 954038513,
      "T": 1690806892378,
      "m": false
   },
   {
      "a": 384115451,
      "p": "0.31390",
      "q": "2836",
      "f": 954038514,
      "l": 954038515,
      "T": 1690806899126,
      "m": false
   },
   {
      "a": 384115452,
      "p": "0.31390",
      "q": "61",
      "f": 954038516,
      "l": 954038516,
      "T": 1690806899594,
      "m": false
   },
   {
      "a": 384115453,
      "p": "0.31390",
      "q": "7964",
      "f": 954038517,
      "l": 954038524,
      "T": 1690806900963,
      "m": false
   },
   {
      "a": 384115454,
      "p": "0.31380",
      "q": "51177",
      "f": 954038525,
      "l": 954038556,
      "T": 1690806905756,
      "m": true
   },
   {
      "a": 384115455,
      "p": "0.31370",
      "q": "22293",
      "f": 954038557,
      "l": 954038562,
      "T": 1690806905816,
      "m": true
   },
   {
      "a": 384115456,
      "p": "0.31370",
      "q": "117",
      "f": 954038563,
      "l": 954038564,
      "T": 1690806906492,
      "m": true
   },
   {
      "a": 384115457,
      "p": "0.31370",
      "q": "3",
      "f": 954038565,
      "l": 954038565,
      "T": 1690806906751,
      "m": true
   },
   {
      "a": 384115458,
      "p": "0.31380",
      "q": "647",
      "f": 954038566,
      "l": 954038566,
      "T": 1690806907088,
      "m": false
   },
   {
      "a": 384115459,
      "p": "0.31370",
      "q": "3",
      "f": 954038567,
      "l": 954038567,
      "T": 1690806907227,
      "m": true
   },
   {
      "a": 384115460,
      "p": "0.31380",
      "q": "44",
      "f": 954038568,
      "l": 954038568,
      "T": 1690806908355,
      "m": false
   },
   {
      "a": 384115461,
      "p": "0.31380",
      "q": "129",
      "f": 954038569,
      "l": 954038569,
      "T": 1690806911464,
      "m": false
   },
   {
      "a": 384115462,
      "p": "0.31380",
      "q": "7998",
      "f": 954038570,
      "l": 954038571,
      "T": 1690806912320,
      "m": false
   },
   {
      "a": 384115463,
      "p": "0.31370",
      "q": "159",
      "f": 954038572,
      "l": 954038572,
      "T": 1690806912381,
      "m": true
   },
   {
      "a": 384115464,
      "p": "0.31370",
      "q": "596",
      "f": 954038573,
      "l": 954038573,
      "T": 1690806914539,
      "m": true
   },
   {
      "a": 384115465,
      "p": "0.31380",
      "q": "296",
      "f": 954038574,
      "l": 954038574,
      "T": 1690806915006,
      "m": false
   },
   {
      "a": 384115466,
      "p": "0.31380",
      "q": "15447",
      "f": 954038575,
      "l": 954038576,
      "T": 1690806918891,
      "m": false
   },
   {
      "a": 384115467,
      "p": "0.31380",
      "q": "31",
      "f": 954038577,
      "l": 954038577,
      "T": 1690806920013,
      "m": false
   },
   {
      "a": 384115468,
      "p": "0.31370",
      "q": "8478",
      "f": 954038578,
      "l": 954038603,
      "T": 1690806920157,
      "m": true
   },
   {
      "a": 384115469,
      "p": "0.31360",
      "q": "12109",
      "f": 954038604,
      "l": 954038606,
      "T": 1690806920157,
      "m": true
   },
   {
      "a": 384115470,
      "p": "0.31370",
      "q": "323",
      "f": 954038607,
      "l": 954038607,
      "T": 1690806920186,
      "m": false
   },
   {
      "a": 384115471,
      "p": "0.31360",
      "q": "519",
      "f": 954038608,
      "l": 954038608,
      "T": 1690806920196,
      "m": true
   },
   {
      "a": 384115472,
      "p": "0.31360",
      "q": "1",
      "f": 954038609,
      "l": 954038609,
      "T": 1690806924415,
      "m": true
   },
   {
      "a": 384115473,
      "p": "0.31360",
      "q": "2",
      "f": 954038610,
      "l": 954038611,
      "T": 1690806924531,
      "m": true
   },
   {
      "a": 384115474,
      "p": "0.31360",
      "q": "4998",
      "f": 954038612,
      "l": 954038612,
      "T": 1690806924686,
      "m": true
   },
   {
      "a": 384115475,
      "p": "0.31360",
      "q": "1",
      "f": 954038613,
      "l": 954038613,
      "T": 1690806924894,
      "m": true
   },
   {
      "a": 384115476,
      "p": "0.31360",
      "q": "2",
      "f": 954038614,
      "l": 954038614,
      "T": 1690806925103,
      "m": true
   },
   {
      "a": 384115477,
      "p": "0.31360",
      "q": "3",
      "f": 954038615,
      "l": 954038616,
      "T": 1690806925411,
      "m": true
   },
   {
      "a": 384115478,
      "p": "0.31360",
      "q": "24",
      "f": 954038617,
      "l": 954038620,
      "T": 1690806925546,
      "m": true
   },
   {
      "a": 384115479,
      "p": "0.31360",
      "q": "1",
      "f": 954038621,
      "l": 954038621,
      "T": 1690806925694,
      "m": true
   },
   {
      "a": 384115480,
      "p": "0.31360",
      "q": "2",
      "f": 954038622,
      "l": 954038623,
      "T": 1690806925920,
      "m": true
   },
   {
      "a": 384115481,
      "p": "0.31360",
      "q": "1",
      "f": 954038624,
      "l": 954038624,
      "T": 1690806926060,
      "m": true
   },
   {
      "a": 384115482,
      "p": "0.31370",
      "q": "59",
      "f": 954038625,
      "l": 954038625,
      "T": 1690806926616,
      "m": false
   },
   {
      "a": 384115483,
      "p": "0.31360",
      "q": "21",
      "f": 954038626,
      "l": 954038626,
      "T": 1690806927513,
      "m": true
   },
   {
      "a": 384115484,
      "p": "0.31360",
      "q": "4",
      "f": 954038627,
      "l": 954038627,
      "T": 1690806928549,
      "m": true
   },
   {
      "a": 384115485,
      "p": "0.31370",
      "q": "2804",
      "f": 954038628,
      "l": 954038628,
      "T": 1690806929374,
      "m": false
   },
   {
      "a": 384115486,
      "p": "0.31360",
      "q": "115",
      "f": 954038629,
      "l": 954038629,
      "T": 1690806929617,
      "m": true
   },
   {
      "a": 384115487,
      "p": "0.31370",
      "q": "130433",
      "f": 954038630,
      "l": 954038661,
      "T": 1690806929849,
      "m": false
   },
   {
      "a": 384115488,
      "p": "0.31370",
      "q": "1",
      "f": 954038662,
      "l": 954038662,
      "T": 1690806930673,
      "m": true
   },
   {
      "a": 384115489,
      "p": "0.31370",
      "q": "4",
      "f": 954038663,
      "l": 954038663,
      "T": 1690806930883,
      "m": true
   },
   {
      "a": 384115490,
      "p": "0.31370",
      "q": "5",
      "f": 954038664,
      "l": 954038665,
      "T": 1690806931318,
      "m": true
   },
   {
      "a": 384115491,
      "p": "0.31370",
      "q": "7969",
      "f": 954038666,
      "l": 954038666,
      "T": 1690806937260,
      "m": true
   },
   {
      "a": 384115492,
      "p": "0.31380",
      "q": "98133",
      "f": 954038667,
      "l": 954038687,
      "T": 1690806938059,
      "m": false
   },
   {
      "a": 384115493,
      "p": "0.31390",
      "q": "49621",
      "f": 954038688,
      "l": 954038701,
      "T": 1690806938059,
      "m": false
   },
   {
      "a": 384115494,
      "p": "0.31390",
      "q": "1000",
      "f": 954038702,
      "l": 954038702,
      "T": 1690806938334,
      "m": false
   },
   {
      "a": 384115495,
      "p": "0.31390",
      "q": "400",
      "f": 954038703,
      "l": 954038703,
      "T": 1690806950066,
      "m": false
   },
   {
      "a": 384115496,
      "p": "0.31390",
      "q": "8000",
      "f": 954038704,
      "l": 954038704,
      "T": 1690806951385,
      "m": false
   },
   {
      "a": 384115497,
      "p": "0.31390",
      "q": "33",
      "f": 954038705,
      "l": 954038705,
      "T": 1690806953305,
      "m": false
   },
   {
      "a": 384115498,
      "p": "0.31380",
      "q": "5070",
      "f": 954038706,
      "l": 954038706,
      "T": 1690806953601,
      "m": true
   },
   {
      "a": 384115499,
      "p": "0.31390",
      "q": "1257",
      "f": 954038707,
      "l": 954038707,
      "T": 1690806955676,
      "m": false
   },
   {
      "a": 384115500,
      "p": "0.31390",
      "q": "34",
      "f": 954038708,
      "l": 954038708,
      "T": 1690806956370,
      "m": false
   },
   {
      "a": 384115501,
      "p": "0.31380",
      "q": "14618",
      "f": 954038709,
      "l": 954038711,
      "T": 1690806958373,
      "m": true
   },
   {
      "a": 384115502,
      "p": "0.31380",
      "q": "42",
      "f": 954038712,
      "l": 954038712,
      "T": 1690806962234,
      "m": true
   },
   {
      "a": 384115503,
      "p": "0.31380",
      "q": "78",
      "f": 954038713,
      "l": 954038713,
      "T": 1690806962375,
      "m": true
   },
   {
      "a": 384115504,
      "p": "0.31380",
      "q": "473",
      "f": 954038714,
      "l": 954038719,
      "T": 1690806962511,
      "m": true
   },
   {
      "a": 384115505,
      "p": "0.31380",
      "q": "579",
      "f": 954038720,
      "l": 954038721,
      "T": 1690806962652,
      "m": true
   },
   {
      "a": 384115506,
      "p": "0.31380",
      "q": "513",
      "f": 954038722,
      "l": 954038725,
      "T": 1690806962760,
      "m": true
   },
   {
      "a": 384115507,
      "p": "0.31380",
      "q": "811",
      "f": 954038726,
      "l": 954038728,
      "T": 1690806962904,
      "m": true
   },
   {
      "a": 384115508,
      "p": "0.31380",
      "q": "516",
      "f": 954038729,
      "l": 954038731,
      "T": 1690806963033,
      "m": true
   },
   {
      "a": 384115509,
      "p": "0.31390",
      "q": "52",
      "f": 954038732,
      "l": 954038732,
      "T": 1690806967699,
      "m": false
   },
   {
      "a": 384115510,
      "p": "0.31390",
      "q": "24028",
      "f": 954038733,
      "l": 954038743,
      "T": 1690806967881,
      "m": false
   },
   {
      "a": 384115511,
      "p": "0.31380",
      "q": "12742",
      "f": 954038744,
      "l": 954038745,
      "T": 1690806972506,
      "m": true
   },
   {
      "a": 384115512,
      "p": "0.31380",
      "q": "36041",
      "f": 954038746,
      "l": 954038750,
      "T": 1690806976239,
      "m": true
   },
   {
      "a": 384115513,
      "p": "0.31390",
      "q": "232",
      "f": 954038751,
      "l": 954038751,
      "T": 1690806977308,
      "m": false
   },
   {
      "a": 384115514,
      "p": "0.31380",
      "q": "115",
      "f": 954038752,
      "l": 954038752,
      "T": 1690806977440,
      "m": true
   },
   {
      "a": 384115515,
      "p": "0.31390",
      "q": "59",
      "f": 954038753,
      "l": 954038754,
      "T": 1690806981512,
      "m": false
   },
   {
      "a": 384115516,
      "p": "0.31390",
      "q": "245",
      "f": 954038755,
      "l": 954038756,
      "T": 1690806982630,
      "m": false
   },
   {
      "a": 384115517,
      "p": "0.31390",
      "q": "1912",
      "f": 954038757,
      "l": 954038764,
      "T": 1690806985342,
      "m": false
   },
   {
      "a": 384115518,
      "p": "0.31380",
      "q": "788",
      "f": 954038765,
      "l": 954038765,
      "T": 1690806987916,
      "m": true
   },
   {
      "a": 384115519,
      "p": "0.31380",
      "q": "38",
      "f": 954038766,
      "l": 954038766,
      "T": 1690806988472,
      "m": true
   },
   {
      "a": 384115520,
      "p": "0.31390",
      "q": "64",
      "f": 954038767,
      "l": 954038767,
      "T": 1690806991196,
      "m": false
   },
   {
      "a": 384115521,
      "p": "0.31390",
      "q": "11399",
      "f": 954038768,
      "l": 954038784,
      "T": 1690806995023,
      "m": false
   },
   {
      "a": 384115522,
      "p": "0.31400",
      "q": "792",
      "f": 954038785,
      "l": 954038785,
      "T": 1690806995039,
      "m": false
   },
   {
      "a": 384115523,
      "p": "0.31390",
      "q": "2097",
      "f": 954038786,
      "l": 954038786,
      "T": 1690806995186,
      "m": true
   },
   {
      "a": 384115524,
      "p": "0.31390",
      "q": "101",
      "f": 954038787,
      "l": 954038787,
      "T": 1690806995673,
      "m": true
   },
   {
      "a": 384115525,
      "p": "0.31400",
      "q": "3189",
      "f": 954038788,
      "l": 954038813,
      "T": 1690806998486,
      "m": false
   },
   {
      "a": 384115526,
      "p": "0.31400",
      "q": "36843",
      "f": 954038814,
      "l": 954038828,
      "T": 1690806999022,
      "m": false
   },
   {
      "a": 384115527,
      "p": "0.31390",
      "q": "672",
      "f": 954038829,
      "l": 954038829,
      "T": 1690806999022,
      "m": true
   },
   {
      "a": 384115528,
      "p": "0.31400",
      "q": "67447",
      "f": 954038830,
      "l": 954038850,
      "T": 1690807000079,
      "m": false
   },
   {
      "a": 384115529,
      "p": "0.31410",
      "q": "39",
      "f": 954038851,
      "l": 954038852,
      "T": 1690807000228,
      "m": false
   },
   {
      "a": 384115530,
      "p": "0.31400",
      "q": "112",
      "f": 954038853,
      "l": 954038853,
      "T": 1690807000293,
      "m": true
   },
   {
      "a": 384115531,
      "p": "0.31400",
      "q": "199",
      "f": 954038854,
      "l": 954038854,
      "T": 1690807000676,
      "m": true
   },
   {
      "a": 384115532,
      "p": "0.31410",
      "q": "1134",
      "f": 954038855,
      "l": 954038869,
      "T": 1690807001247,
      "m": false
   },
   {
      "a": 384115533,
      "p": "0.31410",
      "q": "1134",
      "f": 954038870,
      "l": 954038870,
      "T": 1690807002422,
      "m": false
   },
   {
      "a": 384115534,
      "p": "0.31400",
      "q": "200",
      "f": 954038871,
      "l": 954038871,
      "T": 1690807003249,
      "m": true
   },
   {
      "a": 384115535,
      "p": "0.31410",
      "q": "8957",
      "f": 954038872,
      "l": 954038876,
      "T": 1690807003673,
      "m": false
   },
   {
      "a": 384115536,
      "p": "0.31410",
      "q": "16",
      "f": 954038877,
      "l": 954038877,
      "T": 1690807004034,
      "m": false
   },
   {
      "a": 384115537,
      "p": "0.31400",
      "q": "16",
      "f": 954038878,
      "l": 954038878,
      "T": 1690807005139,
      "m": true
   },
   {
      "a": 384115538,
      "p": "0.31410",
      "q": "172",
      "f": 954038879,
      "l": 954038879,
      "T": 1690807007606,
      "m": false
   },
   {
      "a": 384115539,
      "p": "0.31410",
      "q": "223",
      "f": 954038880,
      "l": 954038880,
      "T": 1690807009577,
      "m": false
   },
   {
      "a": 384115540,
      "p": "0.31410",
      "q": "440",
      "f": 954038881,
      "l": 954038881,
      "T": 1690807010191,
      "m": false
   },
   {
      "a": 384115541,
      "p": "0.31410",
      "q": "19",
      "f": 954038882,
      "l": 954038882,
      "T": 1690807012685,
      "m": false
   },
   {
      "a": 384115542,
      "p": "0.31410",
      "q": "32",
      "f": 954038883,
      "l": 954038883,
      "T": 1690807014459,
      "m": false
   },
   {
      "a": 384115543,
      "p": "0.31410",
      "q": "2215",
      "f": 954038884,
      "l": 954038884,
      "T": 1690807015837,
      "m": false
   },
   {
      "a": 384115544,
      "p": "0.31410",
      "q": "93645",
      "f": 954038885,
      "l": 954038925,
      "T": 1690807021934,
      "m": false
   },
   {
      "a": 384115545,
      "p": "0.31420",
      "q": "1476",
      "f": 954038926,
      "l": 954038947,
      "T": 1690807021981,
      "m": false
   },
   {
      "a": 384115546,
      "p": "0.31410",
      "q": "801",
      "f": 954038948,
      "l": 954038948,
      "T": 1690807022024,
      "m": true
   },
   {
      "a": 384115547,
      "p": "0.31410",
      "q": "500",
      "f": 954038949,
      "l": 954038949,
      "T": 1690807022536,
      "m": true
   },
   {
      "a": 384115548,
      "p": "0.31410",
      "q": "898",
      "f": 954038950,
      "l": 954038950,
      "T": 1690807022687,
      "m": true
   },
   {
      "a": 384115549,
      "p": "0.31410",
      "q": "1138",
      "f": 954038951,
      "l": 954038951,
      "T": 1690807023093,
      "m": true
   },
   {
      "a": 384115550,
      "p": "0.31410",
      "q": "27",
      "f": 954038952,
      "l": 954038953,
      "T": 1690807023587,
      "m": true
   },
   {
      "a": 384115551,
      "p": "0.31410",
      "q": "1",
      "f": 954038954,
      "l": 954038954,
      "T": 1690807024061,
      "m": true
   },
   {
      "a": 384115552,
      "p": "0.31420",
      "q": "31806",
      "f": 954038955,
      "l": 954038962,
      "T": 1690807026327,
      "m": false
   },
   {
      "a": 384115553,
      "p": "0.31420",
      "q": "374",
      "f": 954038963,
      "l": 954038963,
      "T": 1690807026695,
      "m": false
   },
   {
      "a": 384115554,
      "p": "0.31420",
      "q": "17409",
      "f": 954038964,
      "l": 954038976,
      "T": 1690807028722,
      "m": false
   },
   {
      "a": 384115555,
      "p": "0.31420",
      "q": "3861",
      "f": 954038977,
      "l": 954038977,
      "T": 1690807028931,
      "m": true
   },
   {
      "a": 384115556,
      "p": "0.31420",
      "q": "98700",
      "f": 954038978,
      "l": 954039016,
      "T": 1690807029314,
      "m": true
   },
   {
      "a": 384115557,
      "p": "0.31410",
      "q": "19673",
      "f": 954039017,
      "l": 954039019,
      "T": 1690807029314,
      "m": true
   },
   {
      "a": 384115558,
      "p": "0.31410",
      "q": "17539",
      "f": 954039020,
      "l": 954039024,
      "T": 1690807029486,
      "m": true
   },
   {
      "a": 384115559,
      "p": "0.31410",
      "q": "398",
      "f": 954039025,
      "l": 954039025,
      "T": 1690807029691,
      "m": true
   },
   {
      "a": 384115560,
      "p": "0.31410",
      "q": "1832",
      "f": 954039026,
      "l": 954039026,
      "T": 1690807029989,
      "m": true
   },
   {
      "a": 384115561,
      "p": "0.31420",
      "q": "144",
      "f": 954039027,
      "l": 954039027,
      "T": 1690807030199,
      "m": false
   },
   {
      "a": 384115562,
      "p": "0.31410",
      "q": "1910",
      "f": 954039028,
      "l": 954039028,
      "T": 1690807030274,
      "m": true
   },
   {
      "a": 384115563,
      "p": "0.31420",
      "q": "4904",
      "f": 954039029,
      "l": 954039029,
      "T": 1690807031169,
      "m": false
   },
   {
      "a": 384115564,
      "p": "0.31410",
      "q": "901",
      "f": 954039030,
      "l": 954039030,
      "T": 1690807031170,
      "m": true
   },
   {
      "a": 384115565,
      "p": "0.31420",
      "q": "22549",
      "f": 954039031,
      "l": 954039035,
      "T": 1690807034156,
      "m": false
   },
   {
      "a": 384115566,
      "p": "0.31420",
      "q": "1000",
      "f": 954039036,
      "l": 954039036,
      "T": 1690807035158,
      "m": false
   },
   {
      "a": 384115567,
      "p": "0.31420",
      "q": "318",
      "f": 954039037,
      "l": 954039037,
      "T": 1690807035294,
      "m": false
   },
   {
      "a": 384115568,
      "p": "0.31410",
      "q": "318",
      "f": 954039038,
      "l": 954039038,
      "T": 1690807037597,
      "m": true
   },
   {
      "a": 384115569,
      "p": "0.31420",
      "q": "1341",
      "f": 954039039,
      "l": 954039040,
      "T": 1690807042749,
      "m": false
   },
   {
      "a": 384115570,
      "p": "0.31420",
      "q": "33283",
      "f": 954039041,
      "l": 954039057,
      "T": 1690807042986,
      "m": false
   },
   {
      "a": 384115571,
      "p": "0.31430",
      "q": "135543",
      "f": 954039058,
      "l": 954039108,
      "T": 1690807042986,
      "m": false
   },
   {
      "a": 384115572,
      "p": "0.31430",
      "q": "17",
      "f": 954039109,
      "l": 954039109,
      "T": 1690807043110,
      "m": false
   },
   {
      "a": 384115573,
      "p": "0.31430",
      "q": "6364",
      "f": 954039110,
      "l": 954039119,
      "T": 1690807044023,
      "m": false
   },
   {
      "a": 384115574,
      "p": "0.31420",
      "q": "20503",
      "f": 954039120,
      "l": 954039125,
      "T": 1690807044023,
      "m": true
   },
   {
      "a": 384115575,
      "p": "0.31430",
      "q": "4057",
      "f": 954039126,
      "l": 954039131,
      "T": 1690807044844,
      "m": false
   },
   {
      "a": 384115576,
      "p": "0.31430",
      "q": "955",
      "f": 954039132,
      "l": 954039132,
      "T": 1690807044870,
      "m": true
   },
   {
      "a": 384115577,
      "p": "0.31430",
      "q": "218",
      "f": 954039133,
      "l": 954039133,
      "T": 1690807045701,
      "m": true
   },
   {
      "a": 384115578,
      "p": "0.31440",
      "q": "4822",
      "f": 954039134,
      "l": 954039167,
      "T": 1690807045767,
      "m": false
   },
   {
      "a": 384115579,
      "p": "0.31430",
      "q": "1083",
      "f": 954039168,
      "l": 954039168,
      "T": 1690807046375,
      "m": true
   },
   {
      "a": 384115580,
      "p": "0.31440",
      "q": "23680",
      "f": 954039169,
      "l": 954039179,
      "T": 1690807047036,
      "m": false
   },
   {
      "a": 384115581,
      "p": "0.31430",
      "q": "6708",
      "f": 954039180,
      "l": 954039181,
      "T": 1690807047036,
      "m": true
   },
   {
      "a": 384115582,
      "p": "0.31440",
      "q": "19",
      "f": 954039182,
      "l": 954039182,
      "T": 1690807047405,
      "m": false
   },
   {
      "a": 384115583,
      "p": "0.31440",
      "q": "1926",
      "f": 954039183,
      "l": 954039184,
      "T": 1690807048024,
      "m": false
   },
   {
      "a": 384115584,
      "p": "0.31440",
      "q": "6351",
      "f": 954039185,
      "l": 954039187,
      "T": 1690807049481,
      "m": false
   },
   {
      "a": 384115585,
      "p": "0.31430",
      "q": "162",
      "f": 954039188,
      "l": 954039188,
      "T": 1690807049642,
      "m": true
   },
   {
      "a": 384115586,
      "p": "0.31430",
      "q": "10332",
      "f": 954039189,
      "l": 954039190,
      "T": 1690807051134,
      "m": true
   },
   {
      "a": 384115587,
      "p": "0.31430",
      "q": "15500",
      "f": 954039191,
      "l": 954039194,
      "T": 1690807051253,
      "m": true
   },
   {
      "a": 384115588,
      "p": "0.31430",
      "q": "37863",
      "f": 954039195,
      "l": 954039220,
      "T": 1690807053074,
      "m": true
   },
   {
      "a": 384115589,
      "p": "0.31420",
      "q": "6365",
      "f": 954039221,
      "l": 954039222,
      "T": 1690807054231,
      "m": true
   },
   {
      "a": 384115590,
      "p": "0.31430",
      "q": "45",
      "f": 954039223,
      "l": 954039223,
      "T": 1690807057883,
      "m": false
   },
   {
      "a": 384115591,
      "p": "0.31420",
      "q": "127",
      "f": 954039224,
      "l": 954039224,
      "T": 1690807057888,
      "m": true
   },
   {
      "a": 384115592,
      "p": "0.31430",
      "q": "1524",
      "f": 954039225,
      "l": 954039225,
      "T": 1690807060197,
      "m": false
   },
   {
      "a": 384115593,
      "p": "0.31430",
      "q": "166",
      "f": 954039226,
      "l": 954039227,
      "T": 1690807061325,
      "m": false
   },
   {
      "a": 384115594,
      "p": "0.31420",
      "q": "304",
      "f": 954039228,
      "l": 954039228,
      "T": 1690807062618,
      "m": true
   },
   {
      "a": 384115595,
      "p": "0.31430",
      "q": "127",
      "f": 954039229,
      "l": 954039229,
      "T": 1690807065575,
      "m": false
   },
   {
      "a": 384115596,
      "p": "0.31430",
      "q": "990",
      "f": 954039230,
      "l": 954039230,
      "T": 1690807065840,
      "m": false
   },
   {
      "a": 384115597,
      "p": "0.31430",
      "q": "2000",
      "f": 954039231,
      "l": 954039231,
      "T": 1690807072880,
      "m": false
   },
   {
      "a": 384115598,
      "p": "0.31430",
      "q": "625",
      "f": 954039232,
      "l": 954039232,
      "T": 1690807074476,
      "m": false
   },
   {
      "a": 384115599,
      "p": "0.31430",
      "q": "11415",
      "f": 954039233,
      "l": 954039257,
      "T": 1690807075922,
      "m": false
   },
   {
      "a": 384115600,
      "p": "0.31440",
      "q": "239",
      "f": 954039258,
      "l": 954039258,
      "T": 1690807076249,
      "m": false
   },
   {
      "a": 384115601,
      "p": "0.31440",
      "q": "55",
      "f": 954039259,
      "l": 954039259,
      "T": 1690807077197,
      "m": false
   },
   {
      "a": 384115602,
      "p": "0.31440",
      "q": "591",
      "f": 954039260,
      "l": 954039260,
      "T": 1690807077424,
      "m": false
   },
   {
      "a": 384115603,
      "p": "0.31430",
      "q": "48258",
      "f": 954039261,
      "l": 954039280,
      "T": 1690807081952,
      "m": true
   },
   {
      "a": 384115604,
      "p": "0.31420",
      "q": "439",
      "f": 954039281,
      "l": 954039281,
      "T": 1690807082236,
      "m": true
   },
   {
      "a": 384115605,
      "p": "0.31430",
      "q": "514",
      "f": 954039282,
      "l": 954039282,
      "T": 1690807082587,
      "m": false
   },
   {
      "a": 384115606,
      "p": "0.31430",
      "q": "810",
      "f": 954039283,
      "l": 954039283,
      "T": 1690807083326,
      "m": false
   },
   {
      "a": 384115607,
      "p": "0.31430",
      "q": "10881",
      "f": 954039284,
      "l": 954039285,
      "T": 1690807091799,
      "m": false
   },
   {
      "a": 384115608,
      "p": "0.31430",
      "q": "954",
      "f": 954039286,
      "l": 954039286,
      "T": 1690807092205,
      "m": false
   },
   {
      "a": 384115609,
      "p": "0.31430",
      "q": "4904",
      "f": 954039287,
      "l": 954039287,
      "T": 1690807094458,
      "m": false
   },
   {
      "a": 384115610,
      "p": "0.31430",
      "q": "22",
      "f": 954039288,
      "l": 954039288,
      "T": 1690807099796,
      "m": false
   },
   {
      "a": 384115611,
      "p": "0.31420",
      "q": "26416",
      "f": 954039289,
      "l": 954039290,
      "T": 1690807102291,
      "m": true
   },
   {
      "a": 384115612,
      "p": "0.31430",
      "q": "145",
      "f": 954039291,
      "l": 954039291,
      "T": 1690807106532,
      "m": false
   },
   {
      "a": 384115613,
      "p": "0.31420",
      "q": "1474",
      "f": 954039292,
      "l": 954039293,
      "T": 1690807110259,
      "m": true
   },
   {
      "a": 384115614,
      "p": "0.31420",
      "q": "1296",
      "f": 954039294,
      "l": 954039294,
      "T": 1690807111273,
      "m": true
   },
   {
      "a": 384115615,
      "p": "0.31430",
      "q": "318",
      "f": 954039295,
      "l": 954039295,
      "T": 1690807111500,
      "m": false
   },
   {
      "a": 384115616,
      "p": "0.31430",
      "q": "1440",
      "f": 954039296,
      "l": 954039296,
      "T": 1690807115891,
      "m": false
   },
   {
      "a": 384115617,
      "p": "0.31430",
      "q": "11215",
      "f": 954039297,
      "l": 954039299,
      "T": 1690807116557,
      "m": false
   },
   {
      "a": 384115618,
      "p": "0.31430",
      "q": "30225",
      "f": 954039300,
      "l": 954039308,
      "T": 1690807117129,
      "m": false
   },
   {
      "a": 384115619,
      "p": "0.31420",
      "q": "989",
      "f": 954039309,
      "l": 954039309,
      "T": 1690807117475,
      "m": true
   },
   {
      "a": 384115620,
      "p": "0.31420",
      "q": "1321",
      "f": 954039310,
      "l": 954039311,
      "T": 1690807118140,
      "m": true
   },
   {
      "a": 384115621,
      "p": "0.31430",
      "q": "250",
      "f": 954039312,
      "l": 954039312,
      "T": 1690807124477,
      "m": false
   },
   {
      "a": 384115622,
      "p": "0.31430",
      "q": "2324",
      "f": 954039313,
      "l": 954039315,
      "T": 1690807127228,
      "m": false
   },
   {
      "a": 384115623,
      "p": "0.31430",
      "q": "43941",
      "f": 954039316,
      "l": 954039376,
      "T": 1690807128597,
      "m": false
   },
   {
      "a": 384115624,
      "p": "0.31440",
      "q": "24694",
      "f": 954039377,
      "l": 954039385,
      "T": 1690807128598,
      "m": false
   },
   {
      "a": 384115625,
      "p": "0.31440",
      "q": "68614",
      "f": 954039386,
      "l": 954039408,
      "T": 1690807130026,
      "m": false
   },
   {
      "a": 384115626,
      "p": "0.31450",
      "q": "80202",
      "f": 954039409,
      "l": 954039459,
      "T": 1690807130026,
      "m": false
   },
   {
      "a": 384115627,
      "p": "0.31430",
      "q": "46898",
      "f": 954039460,
      "l": 954039465,
      "T": 1690807130027,
      "m": true
   },
   {
      "a": 384115628,
      "p": "0.31450",
      "q": "16421",
      "f": 954039466,
      "l": 954039470,
      "T": 1690807130027,
      "m": false
   },
   {
      "a": 384115629,
      "p": "0.31440",
      "q": "4332",
      "f": 954039471,
      "l": 954039472,
      "T": 1690807130101,
      "m": true
   },
   {
      "a": 384115630,
      "p": "0.31440",
      "q": "63753",
      "f": 954039473,
      "l": 954039486,
      "T": 1690807130215,
      "m": true
   },
   {
      "a": 384115631,
      "p": "0.31430",
      "q": "621",
      "f": 954039487,
      "l": 954039487,
      "T": 1690807130755,
      "m": true
   },
   {
      "a": 384115632,
      "p": "0.31430",
      "q": "18",
      "f": 954039488,
      "l": 954039488,
      "T": 1690807131499,
      "m": true
   },
   {
      "a": 384115633,
      "p": "0.31440",
      "q": "6597",
      "f": 954039489,
      "l": 954039491,
      "T": 1690807131554,
      "m": false
   },
   {
      "a": 384115634,
      "p": "0.31430",
      "q": "145",
      "f": 954039492,
      "l": 954039492,
      "T": 1690807132008,
      "m": true
   },
   {
      "a": 384115635,
      "p": "0.31440",
      "q": "42",
      "f": 954039493,
      "l": 954039493,
      "T": 1690807132908,
      "m": false
   },
   {
      "a": 384115636,
      "p": "0.31440",
      "q": "5032",
      "f": 954039494,
      "l": 954039495,
      "T": 1690807133163,
      "m": false
   },
   {
      "a": 384115637,
      "p": "0.31440",
      "q": "640",
      "f": 954039496,
      "l": 954039496,
      "T": 1690807134941,
      "m": false
   },
   {
      "a": 384115638,
      "p": "0.31430",
      "q": "613",
      "f": 954039497,
      "l": 954039497,
      "T": 1690807135955,
      "m": true
   },
   {
      "a": 384115639,
      "p": "0.31430",
      "q": "2395",
      "f": 954039498,
      "l": 954039498,
      "T": 1690807136920,
      "m": true
   },
   {
      "a": 384115640,
      "p": "0.31440",
      "q": "5",
      "f": 954039499,
      "l": 954039499,
      "T": 1690807137233,
      "m": false
   },
   {
      "a": 384115641,
      "p": "0.31430",
      "q": "6",
      "f": 954039500,
      "l": 954039501,
      "T": 1690807137240,
      "m": true
   },
   {
      "a": 384115642,
      "p": "0.31440",
      "q": "64",
      "f": 954039502,
      "l": 954039502,
      "T": 1690807137698,
      "m": false
   },
   {
      "a": 384115643,
      "p": "0.31430",
      "q": "42991",
      "f": 954039503,
      "l": 954039519,
      "T": 1690807139006,
      "m": true
   },
   {
      "a": 384115644,
      "p": "0.31420",
      "q": "8337",
      "f": 954039520,
      "l": 954039525,
      "T": 1690807139133,
      "m": true
   },
   {
      "a": 384115645,
      "p": "0.31420",
      "q": "278619",
      "f": 954039526,
      "l": 954039570,
      "T": 1690807139737,
      "m": true
   },
   {
      "a": 384115646,
      "p": "0.31410",
      "q": "66659",
      "f": 954039571,
      "l": 954039588,
      "T": 1690807139739,
      "m": true
   },
   {
      "a": 384115647,
      "p": "0.31420",
      "q": "637",
      "f": 954039589,
      "l": 954039589,
      "T": 1690807140442,
      "m": false
   },
   {
      "a": 384115648,
      "p": "0.31410",
      "q": "1914",
      "f": 954039590,
      "l": 954039590,
      "T": 1690807146226,
      "m": true
   },
   {
      "a": 384115649,
      "p": "0.31410",
      "q": "50",
      "f": 954039591,
      "l": 954039591,
      "T": 1690807151757,
      "m": true
   },
   {
      "a": 384115650,
      "p": "0.31420",
      "q": "93",
      "f": 954039592,
      "l": 954039592,
      "T": 1690807151835,
      "m": false
   },
   {
      "a": 384115651,
      "p": "0.31420",
      "q": "5",
      "f": 954039593,
      "l": 954039593,
      "T": 1690807152691,
      "m": false
   },
   {
      "a": 384115652,
      "p": "0.31420",
      "q": "84",
      "f": 954039594,
      "l": 954039594,
      "T": 1690807157367,
      "m": false
   },
   {
      "a": 384115653,
      "p": "0.31410",
      "q": "5",
      "f": 954039595,
      "l": 954039595,
      "T": 1690807158559,
      "m": true
   },
   {
      "a": 384115654,
      "p": "0.31420",
      "q": "23",
      "f": 954039596,
      "l": 954039596,
      "T": 1690807161531,
      "m": false
   },
   {
      "a": 384115655,
      "p": "0.31420",
      "q": "145",
      "f": 954039597,
      "l": 954039597,
      "T": 1690807163589,
      "m": false
   },
   {
      "a": 384115656,
      "p": "0.31410",
      "q": "637",
      "f": 954039598,
      "l": 954039599,
      "T": 1690807164999,
      "m": true
   },
   {
      "a": 384115657,
      "p": "0.31420",
      "q": "31183",
      "f": 954039600,
      "l": 954039601,
      "T": 1690807165899,
      "m": false
   },
   {
      "a": 384115658,
      "p": "0.31410",
      "q": "15913",
      "f": 954039602,
      "l": 954039603,
      "T": 1690807167632,
      "m": true
   },
   {
      "a": 384115659,
      "p": "0.31420",
      "q": "286",
      "f": 954039604,
      "l": 954039605,
      "T": 1690807169686,
      "m": false
   },
   {
      "a": 384115660,
      "p": "0.31410",
      "q": "94",
      "f": 954039606,
      "l": 954039606,
      "T": 1690807169855,
      "m": true
   },
   {
      "a": 384115661,
      "p": "0.31410",
      "q": "500",
      "f": 954039607,
      "l": 954039607,
      "T": 1690807170911,
      "m": true
   },
   {
      "a": 384115662,
      "p": "0.31410",
      "q": "14438",
      "f": 954039608,
      "l": 954039614,
      "T": 1690807177497,
      "m": true
   },
   {
      "a": 384115663,
      "p": "0.31420",
      "q": "10153",
      "f": 954039615,
      "l": 954039615,
      "T": 1690807179342,
      "m": false
   },
   {
      "a": 384115664,
      "p": "0.31420",
      "q": "415",
      "f": 954039616,
      "l": 954039616,
      "T": 1690807182646,
      "m": false
   },
   {
      "a": 384115665,
      "p": "0.31420",
      "q": "69212",
      "f": 954039617,
      "l": 954039641,
      "T": 1690807188013,
      "m": false
   },
   {
      "a": 384115666,
      "p": "0.31430",
      "q": "908",
      "f": 954039642,
      "l": 954039642,
      "T": 1690807188162,
      "m": false
   },
   {
      "a": 384115667,
      "p": "0.31420",
      "q": "31",
      "f": 954039643,
      "l": 954039643,
      "T": 1690807188231,
      "m": true
   },
   {
      "a": 384115668,
      "p": "0.31420",
      "q": "47",
      "f": 954039644,
      "l": 954039644,
      "T": 1690807190748,
      "m": true
   },
   {
      "a": 384115669,
      "p": "0.31430",
      "q": "855",
      "f": 954039645,
      "l": 954039645,
      "T": 1690807191192,
      "m": false
   },
   {
      "a": 384115670,
      "p": "0.31430",
      "q": "1424",
      "f": 954039646,
      "l": 954039653,
      "T": 1690807191339,
      "m": false
   },
   {
      "a": 384115671,
      "p": "0.31430",
      "q": "56",
      "f": 954039654,
      "l": 954039654,
      "T": 1690807191776,
      "m": false
   },
   {
      "a": 384115672,
      "p": "0.31430",
      "q": "232",
      "f": 954039655,
      "l": 954039655,
      "T": 1690807194910,
      "m": false
   },
   {
      "a": 384115673,
      "p": "0.31430",
      "q": "10338",
      "f": 954039656,
      "l": 954039656,
      "T": 1690807195687,
      "m": false
   },
   {
      "a": 384115674,
      "p": "0.31420",
      "q": "1010",
      "f": 954039657,
      "l": 954039657,
      "T": 1690807195711,
      "m": true
   },
   {
      "a": 384115675,
      "p": "0.31430",
      "q": "50683",
      "f": 954039658,
      "l": 954039679,
      "T": 1690807198763,
      "m": false
   },
   {
      "a": 384115676,
      "p": "0.31430",
      "q": "955",
      "f": 954039680,
      "l": 954039680,
      "T": 1690807198793,
      "m": true
   },
   {
      "a": 384115677,
      "p": "0.31440",
      "q": "29",
      "f": 954039681,
      "l": 954039681,
      "T": 1690807198816,
      "m": false
   },
   {
      "a": 384115678,
      "p": "0.31440",
      "q": "369",
      "f": 954039682,
      "l": 954039682,
      "T": 1690807199251,
      "m": false
   },
   {
      "a": 384115679,
      "p": "0.31430",
      "q": "955",
      "f": 954039683,
      "l": 954039683,
      "T": 1690807200169,
      "m": true
   },
   {
      "a": 384115680,
      "p": "0.31430",
      "q": "955",
      "f": 954039684,
      "l": 954039684,
      "T": 1690807200838,
      "m": true
   },
   {
      "a": 384115681,
      "p": "0.31440",
      "q": "36363",
      "f": 954039685,
      "l": 954039689,
      "T": 1690807201060,
      "m": false
   },
   {
      "a": 384115682,
      "p": "0.31430",
      "q": "955",
      "f": 954039690,
      "l": 954039690,
      "T": 1690807201202,
      "m": true
   },
   {
      "a": 384115683,
      "p": "0.31440",
      "q": "6246",
      "f": 954039691,
      "l": 954039694,
      "T": 1690807204637,
      "m": false
   },
   {
      "a": 384115684,
      "p": "0.31440",
      "q": "631",
      "f": 954039695,
      "l": 954039695,
      "T": 1690807204901,
      "m": false
   },
   {
      "a": 384115685,
      "p": "0.31430",
      "q": "1623",
      "f": 954039696,
      "l": 954039696,
      "T": 1690807205105,
      "m": true
   },
   {
      "a": 384115686,
      "p": "0.31430",
      "q": "59157",
      "f": 954039697,
      "l": 954039727,
      "T": 1690807209355,
      "m": true
   },
   {
      "a": 384115687,
      "p": "0.31420",
      "q": "8492",
      "f": 954039728,
      "l": 954039730,
      "T": 1690807209357,
      "m": true
   },
   {
      "a": 384115688,
      "p": "0.31430",
      "q": "636",
      "f": 954039731,
      "l": 954039731,
      "T": 1690807209611,
      "m": false
   },
   {
      "a": 384115689,
      "p": "0.31420",
      "q": "100",
      "f": 954039732,
      "l": 954039732,
      "T": 1690807209785,
      "m": true
   },
   {
      "a": 384115690,
      "p": "0.31430",
      "q": "4925",
      "f": 954039733,
      "l": 954039734,
      "T": 1690807211061,
      "m": false
   },
   {
      "a": 384115691,
      "p": "0.31430",
      "q": "253",
      "f": 954039735,
      "l": 954039735,
      "T": 1690807211980,
      "m": false
   },
   {
      "a": 384115692,
      "p": "0.31420",
      "q": "3602",
      "f": 954039736,
      "l": 954039738,
      "T": 1690807212047,
      "m": true
   },
   {
      "a": 384115693,
      "p": "0.31420",
      "q": "14277",
      "f": 954039739,
      "l": 954039745,
      "T": 1690807213209,
      "m": true
   },
   {
      "a": 384115694,
      "p": "0.31420",
      "q": "532",
      "f": 954039746,
      "l": 954039746,
      "T": 1690807215698,
      "m": true
   },
   {
      "a": 384115695,
      "p": "0.31420",
      "q": "36260",
      "f": 954039747,
      "l": 954039751,
      "T": 1690807216220,
      "m": true
   },
   {
      "a": 384115696,
      "p": "0.31420",
      "q": "5793",
      "f": 954039752,
      "l": 954039760,
      "T": 1690807216967,
      "m": true
   },
   {
      "a": 384115697,
      "p": "0.31410",
      "q": "1171",
      "f": 954039761,
      "l": 954039762,
      "T": 1690807216982,
      "m": true
   },
   {
      "a": 384115698,
      "p": "0.31420",
      "q": "144337",
      "f": 954039763,
      "l": 954039793,
      "T": 1690807217548,
      "m": false
   },
   {
      "a": 384115699,
      "p": "0.31420",
      "q": "772",
      "f": 954039794,
      "l": 954039794,
      "T": 1690807217731,
      "m": true
   },
   {
      "a": 384115700,
      "p": "0.31420",
      "q": "176",
      "f": 954039795,
      "l": 954039795,
      "T": 1690807218166,
      "m": true
   },
   {
      "a": 384115701,
      "p": "0.31430",
      "q": "4308",
      "f": 954039796,
      "l": 954039796,
      "T": 1690807219469,
      "m": false
   },
   {
      "a": 384115702,
      "p": "0.31430",
      "q": "94",
      "f": 954039797,
      "l": 954039797,
      "T": 1690807220342,
      "m": false
   },
   {
      "a": 384115703,
      "p": "0.31430",
      "q": "22",
      "f": 954039798,
      "l": 954039798,
      "T": 1690807222334,
      "m": false
   },
   {
      "a": 384115704,
      "p": "0.31420",
      "q": "3171",
      "f": 954039799,
      "l": 954039799,
      "T": 1690807223363,
      "m": true
   },
   {
      "a": 384115705,
      "p": "0.31420",
      "q": "4465",
      "f": 954039800,
      "l": 954039801,
      "T": 1690807225915,
      "m": true
   },
   {
      "a": 384115706,
      "p": "0.31430",
      "q": "19",
      "f": 954039802,
      "l": 954039802,
      "T": 1690807226490,
      "m": false
   },
   {
      "a": 384115707,
      "p": "0.31420",
      "q": "326",
      "f": 954039803,
      "l": 954039803,
      "T": 1690807226752,
      "m": true
   },
   {
      "a": 384115708,
      "p": "0.31430",
      "q": "22",
      "f": 954039804,
      "l": 954039804,
      "T": 1690807228859,
      "m": false
   },
   {
      "a": 384115709,
      "p": "0.31430",
      "q": "112",
      "f": 954039805,
      "l": 954039805,
      "T": 1690807229259,
      "m": false
   },
   {
      "a": 384115710,
      "p": "0.31420",
      "q": "31",
      "f": 954039806,
      "l": 954039806,
      "T": 1690807231078,
      "m": true
   },
   {
      "a": 384115711,
      "p": "0.31430",
      "q": "300",
      "f": 954039807,
      "l": 954039807,
      "T": 1690807232846,
      "m": false
   },
   {
      "a": 384115712,
      "p": "0.31420",
      "q": "24",
      "f": 954039808,
      "l": 954039808,
      "T": 1690807234196,
      "m": true
   },
   {
      "a": 384115713,
      "p": "0.31430",
      "q": "647",
      "f": 954039809,
      "l": 954039809,
      "T": 1690807240774,
      "m": false
   },
   {
      "a": 384115714,
      "p": "0.31430",
      "q": "11471",
      "f": 954039810,
      "l": 954039811,
      "T": 1690807247401,
      "m": false
   },
   {
      "a": 384115715,
      "p": "0.31430",
      "q": "55",
      "f": 954039812,
      "l": 954039812,
      "T": 1690807247839,
      "m": false
   },
   {
      "a": 384115716,
      "p": "0.31430",
      "q": "6310",
      "f": 954039813,
      "l": 954039813,
      "T": 1690807252827,
      "m": false
   },
   {
      "a": 384115717,
      "p": "0.31430",
      "q": "7890",
      "f": 954039814,
      "l": 954039815,
      "T": 1690807253647,
      "m": false
   },
   {
      "a": 384115718,
      "p": "0.31430",
      "q": "232",
      "f": 954039816,
      "l": 954039818,
      "T": 1690807254477,
      "m": false
   },
   {
      "a": 384115719,
      "p": "0.31430",
      "q": "328",
      "f": 954039819,
      "l": 954039819,
      "T": 1690807257250,
      "m": false
   },
   {
      "a": 384115720,
      "p": "0.31420",
      "q": "6156",
      "f": 954039820,
      "l": 954039820,
      "T": 1690807259188,
      "m": true
   },
   {
      "a": 384115721,
      "p": "0.31420",
      "q": "602",
      "f": 954039821,
      "l": 954039821,
      "T": 1690807259914,
      "m": true
   },
   {
      "a": 384115722,
      "p": "0.31420",
      "q": "10000",
      "f": 954039822,
      "l": 954039823,
      "T": 1690807264715,
      "m": true
   },
   {
      "a": 384115723,
      "p": "0.31420",
      "q": "380",
      "f": 954039824,
      "l": 954039824,
      "T": 1690807264894,
      "m": true
   },
   {
      "a": 384115724,
      "p": "0.31420",
      "q": "4617",
      "f": 954039825,
      "l": 954039825,
      "T": 1690807265186,
      "m": true
   },
   {
      "a": 384115725,
      "p": "0.31420",
      "q": "149993",
      "f": 954039826,
      "l": 954039879,
      "T": 1690807268312,
      "m": true
   },
   {
      "a": 384115726,
      "p": "0.31430",
      "q": "4904",
      "f": 954039880,
      "l": 954039882,
      "T": 1690807270861,
      "m": false
   },
   {
      "a": 384115727,
      "p": "0.31430",
      "q": "310",
      "f": 954039883,
      "l": 954039884,
      "T": 1690807273016,
      "m": false
   },
   {
      "a": 384115728,
      "p": "0.31420",
      "q": "37511",
      "f": 954039885,
      "l": 954039895,
      "T": 1690807277441,
      "m": true
   },
   {
      "a": 384115729,
      "p": "0.31420",
      "q": "22",
      "f": 954039896,
      "l": 954039896,
      "T": 1690807279852,
      "m": false
   },
   {
      "a": 384115730,
      "p": "0.31420",
      "q": "1024",
      "f": 954039897,
      "l": 954039897,
      "T": 1690807281928,
      "m": false
   },
   {
      "a": 384115731,
      "p": "0.31410",
      "q": "1157",
      "f": 954039898,
      "l": 954039898,
      "T": 1690807282095,
      "m": true
   },
   {
      "a": 384115732,
      "p": "0.31410",
      "q": "3258",
      "f": 954039899,
      "l": 954039899,
      "T": 1690807282720,
      "m": true
   },
   {
      "a": 384115733,
      "p": "0.31420",
      "q": "17577",
      "f": 954039900,
      "l": 954039900,
      "T": 1690807282763,
      "m": false
   },
   {
      "a": 384115734,
      "p": "0.31420",
      "q": "113",
      "f": 954039901,
      "l": 954039901,
      "T": 1690807286576,
      "m": false
   },
   {
      "a": 384115735,
      "p": "0.31410",
      "q": "32367",
      "f": 954039902,
      "l": 954039907,
      "T": 1690807291233,
      "m": true
   },
   {
      "a": 384115736,
      "p": "0.31410",
      "q": "140",
      "f": 954039908,
      "l": 954039908,
      "T": 1690807292559,
      "m": true
   },
   {
      "a": 384115737,
      "p": "0.31410",
      "q": "95",
      "f": 954039909,
      "l": 954039909,
      "T": 1690807294620,
      "m": true
   },
   {
      "a": 384115738,
      "p": "0.31420",
      "q": "84",
      "f": 954039910,
      "l": 954039910,
      "T": 1690807295335,
      "m": false
   },
   {
      "a": 384115739,
      "p": "0.31410",
      "q": "500",
      "f": 954039911,
      "l": 954039911,
      "T": 1690807301380,
      "m": true
   },
   {
      "a": 384115740,
      "p": "0.31410",
      "q": "15912",
      "f": 954039912,
      "l": 954039914,
      "T": 1690807303585,
      "m": true
   },
   {
      "a": 384115741,
      "p": "0.31420",
      "q": "1548",
      "f": 954039915,
      "l": 954039916,
      "T": 1690807309587,
      "m": false
   },
   {
      "a": 384115742,
      "p": "0.31410",
      "q": "15911",
      "f": 954039917,
      "l": 954039918,
      "T": 1690807309802,
      "m": true
   },
   {
      "a": 384115743,
      "p": "0.31410",
      "q": "2172",
      "f": 954039919,
      "l": 954039923,
      "T": 1690807313173,
      "m": true
   },
   {
      "a": 384115744,
      "p": "0.31410",
      "q": "994",
      "f": 954039924,
      "l": 954039924,
      "T": 1690807315447,
      "m": true
   },
   {
      "a": 384115745,
      "p": "0.31420",
      "q": "36",
      "f": 954039925,
      "l": 954039925,
      "T": 1690807315596,
      "m": false
   },
   {
      "a": 384115746,
      "p": "0.31410",
      "q": "1237",
      "f": 954039926,
      "l": 954039926,
      "T": 1690807316913,
      "m": true
   },
   {
      "a": 384115747,
      "p": "0.31420",
      "q": "31",
      "f": 954039927,
      "l": 954039927,
      "T": 1690807316992,
      "m": false
   },
   {
      "a": 384115748,
      "p": "0.31410",
      "q": "234",
      "f": 954039928,
      "l": 954039928,
      "T": 1690807318591,
      "m": true
   },
   {
      "a": 384115749,
      "p": "0.31420",
      "q": "216",
      "f": 954039929,
      "l": 954039929,
      "T": 1690807319799,
      "m": false
   },
   {
      "a": 384115750,
      "p": "0.31420",
      "q": "102",
      "f": 954039930,
      "l": 954039930,
      "T": 1690807323114,
      "m": false
   },
   {
      "a": 384115751,
      "p": "0.31410",
      "q": "317",
      "f": 954039931,
      "l": 954039931,
      "T": 1690807324788,
      "m": true
   },
   {
      "a": 384115752,
      "p": "0.31420",
      "q": "1005",
      "f": 954039932,
      "l": 954039933,
      "T": 1690807325477,
      "m": false
   },
   {
      "a": 384115753,
      "p": "0.31410",
      "q": "15918",
      "f": 954039934,
      "l": 954039940,
      "T": 1690807327581,
      "m": true
   },
   {
      "a": 384115754,
      "p": "0.31410",
      "q": "1999",
      "f": 954039941,
      "l": 954039941,
      "T": 1690807328354,
      "m": true
   },
   {
      "a": 384115755,
      "p": "0.31420",
      "q": "4904",
      "f": 954039942,
      "l": 954039942,
      "T": 1690807330146,
      "m": false
   },
   {
      "a": 384115756,
      "p": "0.31410",
      "q": "2078",
      "f": 954039943,
      "l": 954039944,
      "T": 1690807330856,
      "m": true
   },
   {
      "a": 384115757,
      "p": "0.31410",
      "q": "200",
      "f": 954039945,
      "l": 954039945,
      "T": 1690807332088,
      "m": true
   },
   {
      "a": 384115758,
      "p": "0.31410",
      "q": "12000",
      "f": 954039946,
      "l": 954039963,
      "T": 1690807333348,
      "m": true
   },
   {
      "a": 384115759,
      "p": "0.31420",
      "q": "20",
      "f": 954039964,
      "l": 954039964,
      "T": 1690807333521,
      "m": false
   },
   {
      "a": 384115760,
      "p": "0.31410",
      "q": "954",
      "f": 954039965,
      "l": 954039965,
      "T": 1690807333590,
      "m": true
   },
   {
      "a": 384115761,
      "p": "0.31410",
      "q": "15993",
      "f": 954039966,
      "l": 954039973,
      "T": 1690807334743,
      "m": true
   },
   {
      "a": 384115762,
      "p": "0.31410",
      "q": "954",
      "f": 954039974,
      "l": 954039974,
      "T": 1690807339046,
      "m": true
   },
   {
      "a": 384115763,
      "p": "0.31420",
      "q": "319",
      "f": 954039975,
      "l": 954039975,
      "T": 1690807339573,
      "m": false
   },
   {
      "a": 384115764,
      "p": "0.31410",
      "q": "671",
      "f": 954039976,
      "l": 954039976,
      "T": 1690807340450,
      "m": true
   },
   {
      "a": 384115765,
      "p": "0.31420",
      "q": "167",
      "f": 954039977,
      "l": 954039977,
      "T": 1690807340559,
      "m": false
   },
   {
      "a": 384115766,
      "p": "0.31410",
      "q": "6425",
      "f": 954039978,
      "l": 954039978,
      "T": 1690807341835,
      "m": true
   },
   {
      "a": 384115767,
      "p": "0.31420",
      "q": "23",
      "f": 954039979,
      "l": 954039979,
      "T": 1690807342258,
      "m": false
   },
   {
      "a": 384115768,
      "p": "0.31410",
      "q": "118",
      "f": 954039980,
      "l": 954039980,
      "T": 1690807342682,
      "m": true
   },
   {
      "a": 384115769,
      "p": "0.31410",
      "q": "4789",
      "f": 954039981,
      "l": 954039981,
      "T": 1690807343104,
      "m": true
   },
   {
      "a": 384115770,
      "p": "0.31420",
      "q": "45",
      "f": 954039982,
      "l": 954039982,
      "T": 1690807343422,
      "m": false
   },
   {
      "a": 384115771,
      "p": "0.31420",
      "q": "112",
      "f": 954039983,
      "l": 954039983,
      "T": 1690807344548,
      "m": false
   },
   {
      "a": 384115772,
      "p": "0.31410",
      "q": "639",
      "f": 954039984,
      "l": 954039984,
      "T": 1690807345844,
      "m": true
   },
   {
      "a": 384115773,
      "p": "0.31410",
      "q": "89",
      "f": 954039985,
      "l": 954039985,
      "T": 1690807346052,
      "m": true
   },
   {
      "a": 384115774,
      "p": "0.31420",
      "q": "18",
      "f": 954039986,
      "l": 954039986,
      "T": 1690807346303,
      "m": false
   },
   {
      "a": 384115775,
      "p": "0.31410",
      "q": "67",
      "f": 954039987,
      "l": 954039987,
      "T": 1690807349252,
      "m": true
   },
   {
      "a": 384115776,
      "p": "0.31420",
      "q": "875",
      "f": 954039988,
      "l": 954039989,
      "T": 1690807349269,
      "m": false
   },
   {
      "a": 384115777,
      "p": "0.31410",
      "q": "6316",
      "f": 954039990,
      "l": 954039996,
      "T": 1690807350299,
      "m": true
   },
   {
      "a": 384115778,
      "p": "0.31400",
      "q": "778",
      "f": 954039997,
      "l": 954039999,
      "T": 1690807352263,
      "m": true
   },
   {
      "a": 384115779,
      "p": "0.31400",
      "q": "50",
      "f": 954040000,
      "l": 954040000,
      "T": 1690807352431,
      "m": true
   },
   {
      "a": 384115780,
      "p": "0.31410",
      "q": "636",
      "f": 954040001,
      "l": 954040001,
      "T": 1690807353008,
      "m": false
   },
   {
      "a": 384115781,
      "p": "0.31400",
      "q": "37",
      "f": 954040002,
      "l": 954040002,
      "T": 1690807355889,
      "m": true
   },
   {
      "a": 384115782,
      "p": "0.31400",
      "q": "78938",
      "f": 954040003,
      "l": 954040009,
      "T": 1690807357919,
      "m": true
   },
   {
      "a": 384115783,
      "p": "0.31400",
      "q": "28",
      "f": 954040010,
      "l": 954040010,
      "T": 1690807358922,
      "m": true
   },
   {
      "a": 384115784,
      "p": "0.31400",
      "q": "176",
      "f": 954040011,
      "l": 954040011,
      "T": 1690807361059,
      "m": true
   },
   {
      "a": 384115785,
      "p": "0.31400",
      "q": "688",
      "f": 954040012,
      "l": 954040013,
      "T": 1690807362408,
      "m": true
   },
   {
      "a": 384115786,
      "p": "0.31400",
      "q": "224",
      "f": 954040014,
      "l": 954040016,
      "T": 1690807363904,
      "m": true
   },
   {
      "a": 384115787,
      "p": "0.31400",
      "q": "591",
      "f": 954040017,
      "l": 954040017,
      "T": 1690807366063,
      "m": true
   },
   {
      "a": 384115788,
      "p": "0.31400",
      "q": "16",
      "f": 954040018,
      "l": 954040018,
      "T": 1690807366164,
      "m": true
   },
   {
      "a": 384115789,
      "p": "0.31410",
      "q": "178",
      "f": 954040019,
      "l": 954040019,
      "T": 1690807370315,
      "m": false
   },
   {
      "a": 384115790,
      "p": "0.31400",
      "q": "2836",
      "f": 954040020,
      "l": 954040021,
      "T": 1690807370474,
      "m": true
   },
   {
      "a": 384115791,
      "p": "0.31400",
      "q": "1235",
      "f": 954040022,
      "l": 954040022,
      "T": 1690807370652,
      "m": true
   },
   {
      "a": 384115792,
      "p": "0.31400",
      "q": "5000",
      "f": 954040023,
      "l": 954040023,
      "T": 1690807375618,
      "m": true
   },
   {
      "a": 384115793,
      "p": "0.31410",
      "q": "315",
      "f": 954040024,
      "l": 954040024,
      "T": 1690807375700,
      "m": false
   },
   {
      "a": 384115794,
      "p": "0.31410",
      "q": "31",
      "f": 954040025,
      "l": 954040025,
      "T": 1690807376531,
      "m": false
   },
   {
      "a": 384115795,
      "p": "0.31410",
      "q": "16",
      "f": 954040026,
      "l": 954040026,
      "T": 1690807377260,
      "m": false
   },
   {
      "a": 384115796,
      "p": "0.31400",
      "q": "16",
      "f": 954040027,
      "l": 954040027,
      "T": 1690807377414,
      "m": true
   },
   {
      "a": 384115797,
      "p": "0.31400",
      "q": "134",
      "f": 954040028,
      "l": 954040028,
      "T": 1690807378593,
      "m": true
   },
   {
      "a": 384115798,
      "p": "0.31410",
      "q": "187189",
      "f": 954040029,
      "l": 954040072,
      "T": 1690807380500,
      "m": false
   },
   {
      "a": 384115799,
      "p": "0.31420",
      "q": "214040",
      "f": 954040073,
      "l": 954040118,
      "T": 1690807380504,
      "m": false
   },
   {
      "a": 384115800,
      "p": "0.31420",
      "q": "1908",
      "f": 954040119,
      "l": 954040120,
      "T": 1690807380520,
      "m": true
   },
   {
      "a": 384115801,
      "p": "0.31430",
      "q": "10328",
      "f": 954040121,
      "l": 954040124,
      "T": 1690807380605,
      "m": false
   },
   {
      "a": 384115802,
      "p": "0.31420",
      "q": "1778",
      "f": 954040125,
      "l": 954040126,
      "T": 1690807380716,
      "m": true
   },
   {
      "a": 384115803,
      "p": "0.31430",
      "q": "6002",
      "f": 954040127,
      "l": 954040129,
      "T": 1690807380832,
      "m": false
   },
   {
      "a": 384115804,
      "p": "0.31430",
      "q": "3307",
      "f": 954040130,
      "l": 954040130,
      "T": 1690807382501,
      "m": false
   },
   {
      "a": 384115805,
      "p": "0.31420",
      "q": "954",
      "f": 954040131,
      "l": 954040131,
      "T": 1690807385455,
      "m": true
   },
   {
      "a": 384115806,
      "p": "0.31430",
      "q": "4904",
      "f": 954040132,
      "l": 954040135,
      "T": 1690807391698,
      "m": false
   },
   {
      "a": 384115807,
      "p": "0.31430",
      "q": "89",
      "f": 954040136,
      "l": 954040136,
      "T": 1690807394029,
      "m": false
   },
   {
      "a": 384115808,
      "p": "0.31420",
      "q": "12202",
      "f": 954040137,
      "l": 954040139,
      "T": 1690807395459,
      "m": true
   },
   {
      "a": 384115809,
      "p": "0.31420",
      "q": "12",
      "f": 954040140,
      "l": 954040140,
      "T": 1690807400508,
      "m": true
   },
   {
      "a": 384115810,
      "p": "0.31420",
      "q": "163",
      "f": 954040141,
      "l": 954040141,
      "T": 1690807400645,
      "m": true
   },
   {
      "a": 384115811,
      "p": "0.31420",
      "q": "9871",
      "f": 954040142,
      "l": 954040142,
      "T": 1690807401939,
      "m": true
   },
   {
      "a": 384115812,
      "p": "0.31430",
      "q": "62",
      "f": 954040143,
      "l": 954040143,
      "T": 1690807402211,
      "m": false
   },
   {
      "a": 384115813,
      "p": "0.31430",
      "q": "90",
      "f": 954040144,
      "l": 954040144,
      "T": 1690807405799,
      "m": false
   },
   {
      "a": 384115814,
      "p": "0.31430",
      "q": "21",
      "f": 954040145,
      "l": 954040145,
      "T": 1690807406517,
      "m": false
   },
   {
      "a": 384115815,
      "p": "0.31430",
      "q": "327",
      "f": 954040146,
      "l": 954040146,
      "T": 1690807407121,
      "m": false
   },
   {
      "a": 384115816,
      "p": "0.31430",
      "q": "22",
      "f": 954040147,
      "l": 954040147,
      "T": 1690807407701,
      "m": false
   },
   {
      "a": 384115817,
      "p": "0.31420",
      "q": "79",
      "f": 954040148,
      "l": 954040148,
      "T": 1690807408564,
      "m": true
   },
   {
      "a": 384115818,
      "p": "0.31430",
      "q": "45",
      "f": 954040149,
      "l": 954040149,
      "T": 1690807409715,
      "m": false
   },
   {
      "a": 384115819,
      "p": "0.31430",
      "q": "1316",
      "f": 954040150,
      "l": 954040150,
      "T": 1690807409940,
      "m": false
   },
   {
      "a": 384115820,
      "p": "0.31430",
      "q": "3500",
      "f": 954040151,
      "l": 954040151,
      "T": 1690807416413,
      "m": false
   },
   {
      "a": 384115821,
      "p": "0.31430",
      "q": "597",
      "f": 954040152,
      "l": 954040152,
      "T": 1690807418434,
      "m": false
   },
   {
      "a": 384115822,
      "p": "0.31420",
      "q": "4002",
      "f": 954040153,
      "l": 954040156,
      "T": 1690807429162,
      "m": true
   },
   {
      "a": 384115823,
      "p": "0.31420",
      "q": "7994",
      "f": 954040157,
      "l": 954040157,
      "T": 1690807430367,
      "m": true
   },
   {
      "a": 384115824,
      "p": "0.31420",
      "q": "4002",
      "f": 954040158,
      "l": 954040158,
      "T": 1690807430663,
      "m": true
   },
   {
      "a": 384115825,
      "p": "0.31420",
      "q": "2597",
      "f": 954040159,
      "l": 954040159,
      "T": 1690807431978,
      "m": true
   },
   {
      "a": 384115826,
      "p": "0.31420",
      "q": "2597",
      "f": 954040160,
      "l": 954040161,
      "T": 1690807434642,
      "m": true
   },
   {
      "a": 384115827,
      "p": "0.31430",
      "q": "2317",
      "f": 954040162,
      "l": 954040162,
      "T": 1690807434696,
      "m": false
   },
   {
      "a": 384115828,
      "p": "0.31430",
      "q": "61",
      "f": 954040163,
      "l": 954040163,
      "T": 1690807435883,
      "m": false
   },
   {
      "a": 384115829,
      "p": "0.31430",
      "q": "572",
      "f": 954040164,
      "l": 954040164,
      "T": 1690807437173,
      "m": false
   },
   {
      "a": 384115830,
      "p": "0.31420",
      "q": "2597",
      "f": 954040165,
      "l": 954040166,
      "T": 1690807437502,
      "m": true
   },
   {
      "a": 384115831,
      "p": "0.31430",
      "q": "223",
      "f": 954040167,
      "l": 954040167,
      "T": 1690807437925,
      "m": false
   },
   {
      "a": 384115832,
      "p": "0.31420",
      "q": "2597",
      "f": 954040168,
      "l": 954040168,
      "T": 1690807438798,
      "m": true
   },
   {
      "a": 384115833,
      "p": "0.31420",
      "q": "1360",
      "f": 954040169,
      "l": 954040169,
      "T": 1690807441105,
      "m": true
   },
   {
      "a": 384115834,
      "p": "0.31420",
      "q": "2061",
      "f": 954040170,
      "l": 954040170,
      "T": 1690807442072,
      "m": true
   },
   {
      "a": 384115835,
      "p": "0.31430",
      "q": "87",
      "f": 954040171,
      "l": 954040171,
      "T": 1690807442422,
      "m": false
   },
   {
      "a": 384115836,
      "p": "0.31420",
      "q": "222",
      "f": 954040172,
      "l": 954040172,
      "T": 1690807448767,
      "m": true
   },
   {
      "a": 384115837,
      "p": "0.31420",
      "q": "63",
      "f": 954040173,
      "l": 954040173,
      "T": 1690807452920,
      "m": true
   },
   {
      "a": 384115838,
      "p": "0.31430",
      "q": "4904",
      "f": 954040174,
      "l": 954040174,
      "T": 1690807455701,
      "m": false
   },
   {
      "a": 384115839,
      "p": "0.31420",
      "q": "5055",
      "f": 954040175,
      "l": 954040175,
      "T": 1690807456121,
      "m": true
   }
]