[
   {
      "a": 403018983,
      "p": "0.53580",
      "q": "1119",
      "f": 1037184506,
      "l": 1037184507,
      "T": 1705272238788,
      "m": false
   },
   {
      "a": 403018984,
      "p": "0.53570",
      "q": "2231",
      "f": 1037184508,
      "l": 1037184509,
      "T": 1705272238802,
      "m": true
   },
   {
      "a": 403018985,
      "p": "0.53560",
      "q": "23465",
      "f": 1037184510,
      "l": 1037184517,
      "T": 1705272238802,
      "m": true
   },
   {
      "a": 403018986,
      "p": "0.53550",
      "q": "3101",
      "f": 1037184518,
      "l": 1037184520,
      "T": 1705272238802,
      "m": true
   },
   {
      "a": 403018987,
      "p": "0.53560",
      "q": "955",
      "f": 1037184521,
      "l": 1037184521,
      "T": 1705272238837,
      "m": false
   },
   {
      "a": 403018988,
      "p": "0.53570",
      "q": "610",
      "f": 1037184522,
      "l": 1037184523,
      "T": 1705272241781,
      "m": false
   },
   {
      "a": 403018989,
      "p": "0.53560",
      "q": "25",
      "f": 1037184524,
      "l": 1037184524,
      "T": 1705272242614,
      "m": true
   },
   {
      "a": 403018990,
      "p": "0.53560",
      "q": "2692",
      "f": 1037184525,
      "l": 1037184534,
      "T": 1705272243598,
      "m": true
   },
   {
      "a": 403018991,
      "p": "0.53560",
      "q": "9",
      "f": 1037184535,
      "l": 1037184535,
      "T": 1705272246480,
      "m": true
   },
   {
      "a": 403018992,
      "p": "0.53560",
      "q": "2297",
      "f": 1037184536,
      "l": 1037184537,
      "T": 1705272246892,
      "m": true
   },
   {
      "a": 403018993,
      "p": "0.53570",
      "q": "12",
      "f": 1037184538,
      "l": 1037184538,
      "T": 1705272247710,
      "m": false
   },
   {
      "a": 403018994,
      "p": "0.53560",
      "q": "58",
      "f": 1037184539,
      "l": 1037184540,
      "T": 1705272249120,
      "m": true
   },
   {
      "a": 403018995,
      "p": "0.53570",
      "q": "1650",
      "f": 1037184541,
      "l": 1037184546,
      "T": 1705272249418,
      "m": false
   },
   {
      "a": 403018996,
      "p": "0.53580",
      "q": "29",
      "f": 1037184547,
      "l": 1037184548,
      "T": 1705272249418,
      "m": false
   },
   {
      "a": 403018997,
      "p": "0.53570",
      "q": "707",
      "f": 1037184549,
      "l": 1037184550,
      "T": 1705272249526,
      "m": true
   },
   {
      "a": 403018998,
      "p": "0.53560",
      "q": "11431",
      "f": 1037184551,
      "l": 1037184566,
      "T": 1705272250005,
      "m": true
   },
   {
      "a": 403018999,
      "p": "0.53550",
      "q": "2821",
      "f": 1037184567,
      "l": 1037184573,
      "T": 1705272250005,
      "m": true
   },
   {
      "a": 403019000,
      "p": "0.53560",
      "q": "5095",
      "f": 1037184574,
      "l": 1037184575,
      "T": 1705272250012,
      "m": false
   },
   {
      "a": 403019001,
      "p": "0.53570",
      "q": "3676",
      "f": 1037184576,
      "l": 1037184577,
      "T": 1705272250012,
      "m": false
   },
   {
      "a": 403019002,
      "p": "0.53580",
      "q": "9638",
      "f": 1037184578,
      "l": 1037184584,
      "T": 1705272250012,
      "m": false
   },
   {
      "a": 403019003,
      "p": "0.53590",
      "q": "23554",
      "f": 1037184585,
      "l": 1037184598,
      "T": 1705272250012,
      "m": false
   },
   {
      "a": 403019004,
      "p": "0.53580",
      "q": "2454",
      "f": 1037184599,
      "l": 1037184599,
      "T": 1705272250019,
      "m": true
   },
   {
      "a": 403019005,
      "p": "0.53570",
      "q": "3458",
      "f": 1037184600,
      "l": 1037184601,
      "T": 1705272250019,
      "m": true
   },
   {
      "a": 403019006,
      "p": "0.53550",
      "q": "3802",
      "f": 1037184602,
      "l": 1037184606,
      "T": 1705272250019,
      "m": true
   },
   {
      "a": 403019007,
      "p": "0.53560",
      "q": "6344",
      "f": 1037184607,
      "l": 1037184610,
      "T": 1705272250084,
      "m": false
   },
   {
      "a": 403019008,
      "p": "0.53570",
      "q": "711",
      "f": 1037184611,
      "l": 1037184613,
      "T": 1705272251184,
      "m": false
   },
   {
      "a": 403019009,
      "p": "0.53580",
      "q": "198",
      "f": 1037184614,
      "l": 1037184614,
      "T": 1705272254826,
      "m": false
   },
   {
      "a": 403019010,
      "p": "0.53580",
      "q": "62",
      "f": 1037184615,
      "l": 1037184615,
      "T": 1705272256566,
      "m": false
   },
   {
      "a": 403019011,
      "p": "0.53580",
      "q": "1866",
      "f": 1037184616,
      "l": 1037184621,
      "T": 1705272261316,
      "m": false
   },
   {
      "a": 403019012,
      "p": "0.53570",
      "q": "2",
      "f": 1037184622,
      "l": 1037184622,
      "T": 1705272261573,
      "m": true
   },
   {
      "a": 403019013,
      "p": "0.53580",
      "q": "15",
      "f": 1037184623,
      "l": 1037184623,
      "T": 1705272261896,
      "m": false
   },
   {
      "a": 403019014,
      "p": "0.53580",
      "q": "2033",
      "f": 1037184624,
      "l": 1037184624,
      "T": 1705272262210,
      "m": true
   },
   {
      "a": 403019015,
      "p": "0.53580",
      "q": "92",
      "f": 1037184625,
      "l": 1037184625,
      "T": 1705272262273,
      "m": false
   },
   {
      "a": 403019016,
      "p": "0.53570",
      "q": "2374",
      "f": 1037184626,
      "l": 1037184636,
      "T": 1705272264778,
      "m": true
   },
   {
      "a": 403019017,
      "p": "0.53570",
      "q": "241",
      "f": 1037184637,
      "l": 1037184639,
      "T": 1705272267036,
      "m": true
   },
   {
      "a": 403019018,
      "p": "0.53570",
      "q": "1864",
      "f": 1037184640,
      "l": 1037184647,
      "T": 1705272267346,
      "m": true
   },
   {
      "a": 403019019,
      "p": "0.53560",
      "q": "85",
      "f": 1037184648,
      "l": 1037184648,
      "T": 1705272267346,
      "m": true
   },
   {
      "a": 403019020,
      "p": "0.53570",
      "q": "562",
      "f": 1037184649,
      "l": 1037184649,
      "T": 1705272267406,
      "m": false
   },
   {
      "a": 403019021,
      "p": "0.53560",
      "q": "3143",
      "f": 1037184650,
      "l": 1037184651,
      "T": 1705272269917,
      "m": true
   },
   {
      "a": 403019022,
      "p": "0.53560",
      "q": "3018",
      "f": 1037184652,
      "l": 1037184655,
      "T": 1705272272215,
      "m": true
   },
   {
      "a": 403019023,
      "p": "0.53570",
      "q": "18",
      "f": 1037184656,
      "l": 1037184656,
      "T": 1705272272617,
      "m": false
   },
   {
      "a": 403019024,
      "p": "0.53560",
      "q": "52",
      "f": 1037184657,
      "l": 1037184657,
      "T": 1705272286089,
      "m": true
   },
   {
      "a": 403019025,
      "p": "0.53560",
      "q": "340",
      "f": 1037184658,
      "l": 1037184658,
      "T": 1705272288508,
      "m": true
   },
   {
      "a": 403019026,
      "p": "0.53570",
      "q": "2798",
      "f": 1037184659,
      "l": 1037184663,
      "T": 1705272291146,
      "m": false
   },
   {
      "a": 403019027,
      "p": "0.53560",
      "q": "300",
      "f": 1037184664,
      "l": 1037184664,
      "T": 1705272291358,
      "m": true
   },
   {
      "a": 403019028,
      "p": "0.53570",
      "q": "597",
      "f": 1037184665,
      "l": 1037184666,
      "T": 1705272291798,
      "m": false
   },
   {
      "a": 403019029,
      "p": "0.53560",
      "q": "46",
      "f": 1037184667,
      "l": 1037184667,
      "T": 1705272294072,
      "m": true
   },
   {
      "a": 403019030,
      "p": "0.53570",
      "q": "1259",
      "f": 1037184668,
      "l": 1037184670,
      "T": 1705272296201,
      "m": false
   },
   {
      "a": 403019031,
      "p": "0.53570",
      "q": "479",
      "f": 1037184671,
      "l": 1037184671,
      "T": 1705272296447,
      "m": false
   },
   {
      "a": 403019032,
      "p": "0.53580",
      "q": "106",
      "f": 1037184672,
      "l": 1037184672,
      "T": 1705272301222,
      "m": false
   },
   {
      "a": 403019033,
      "p": "0.53570",
      "q": "6277",
      "f": 1037184673,
      "l": 1037184689,
      "T": 1705272301705,
      "m": true
   },
   {
      "a": 403019034,
      "p": "0.53570",
      "q": "475",
      "f": 1037184690,
      "l": 1037184690,
      "T": 1705272303101,
      "m": false
   },
   {
      "a": 403019035,
      "p": "0.53570",
      "q": "495",
      "f": 1037184691,
      "l": 1037184691,
      "T": 1705272303213,
      "m": false
   },
   {
      "a": 403019036,
      "p": "0.53560",
      "q": "186",
      "f": 1037184692,
      "l": 1037184692,
      "T": 1705272305787,
      "m": true
   },
   {
      "a": 403019037,
      "p": "0.53570",
      "q": "18549",
      "f": 1037184693,
      "l": 1037184697,
      "T": 1705272307093,
      "m": false
   },
   {
      "a": 403019038,
      "p": "0.53570",
      "q": "4993",
      "f": 1037184698,
      "l": 1037184702,
      "T": 1705272307199,
      "m": false
   },
   {
      "a": 403019039,
      "p": "0.53570",
      "q": "11",
      "f": 1037184703,
      "l": 1037184703,
      "T": 1705272309636,
      "m": false
   },
   {
      "a": 403019040,
      "p": "0.53560",
      "q": "14317",
      "f": 1037184704,
      "l": 1037184737,
      "T": 1705272311487,
      "m": true
   },
   {
      "a": 403019041,
      "p": "0.53550",
      "q": "5116",
      "f": 1037184738,
      "l": 1037184741,
      "T": 1705272312590,
      "m": true
   },
   {
      "a": 403019042,
      "p": "0.53540",
      "q": "22915",
      "f": 1037184742,
      "l": 1037184755,
      "T": 1705272312675,
      "m": true
   },
   {
      "a": 403019043,
      "p": "0.53530",
      "q": "160",
      "f": 1037184756,
      "l": 1037184758,
      "T": 1705272313239,
      "m": true
   },
   {
      "a": 403019044,
      "p": "0.53520",
      "q": "374",
      "f": 1037184759,
      "l": 1037184759,
      "T": 1705272313500,
      "m": true
   },
   {
      "a": 403019045,
      "p": "0.53520",
      "q": "15",
      "f": 1037184760,
      "l": 1037184760,
      "T": 1705272313668,
      "m": true
   },
   {
      "a": 403019046,
      "p": "0.53520",
      "q": "487",
      "f": 1037184761,
      "l": 1037184761,
      "T": 1705272314612,
      "m": true
   },
   {
      "a": 403019047,
      "p": "0.53520",
      "q": "190",
      "f": 1037184762,
      "l": 1037184765,
      "T": 1705272314873,
      "m": true
   },
   {
      "a": 403019048,
      "p": "0.53530",
      "q": "186",
      "f": 1037184766,
      "l": 1037184766,
      "T": 1705272315555,
      "m": false
   },
   {
      "a": 403019049,
      "p": "0.53530",
      "q": "1086",
      "f": 1037184767,
      "l": 1037184768,
      "T": 1705272315887,
      "m": false
   },
   {
      "a": 403019050,
      "p": "0.53520",
      "q": "146",
      "f": 1037184769,
      "l": 1037184769,
      "T": 1705272315905,
      "m": true
   },
   {
      "a": 403019051,
      "p": "0.53520",
      "q": "13013",
      "f": 1037184770,
      "l": 1037184784,
      "T": 1705272316654,
      "m": true
   },
   {
      "a": 403019052,
      "p": "0.53510",
      "q": "821",
      "f": 1037184785,
      "l": 1037184791,
      "T": 1705272321018,
      "m": true
   },
   {
      "a": 403019053,
      "p": "0.53510",
      "q": "50",
      "f": 1037184792,
      "l": 1037184792,
      "T": 1705272321622,
      "m": true
   },
   {
      "a": 403019054,
      "p": "0.53510",
      "q": "9697",
      "f": 1037184793,
      "l": 1037184801,
      "T": 1705272322364,
      "m": true
   },
   {
      "a": 403019055,
      "p": "0.53500",
      "q": "5662",
      "f": 1037184802,
      "l": 1037184813,
      "T": 1705272322389,
      "m": true
   },
   {
      "a": 403019056,
      "p": "0.53500",
      "q": "1064",
      "f": 1037184814,
      "l": 1037184815,
      "T": 1705272322976,
      "m": false
   },
   {
      "a": 403019057,
      "p": "0.53490",
      "q": "2",
      "f": 1037184816,
      "l": 1037184816,
      "T": 1705272324265,
      "m": true
   },
   {
      "a": 403019058,
      "p": "0.53490",
      "q": "34",
      "f": 1037184817,
      "l": 1037184818,
      "T": 1705272324480,
      "m": true
   },
   {
      "a": 403019059,
      "p": "0.53490",
      "q": "765",
      "f": 1037184819,
      "l": 1037184825,
      "T": 1705272326240,
      "m": true
   },
   {
      "a": 403019060,
      "p": "0.53500",
      "q": "23",
      "f": 1037184826,
      "l": 1037184826,
      "T": 1705272326408,
      "m": false
   },
   {
      "a": 403019061,
      "p": "0.53490",
      "q": "201",
      "f": 1037184827,
      "l": 1037184827,
      "T": 1705272326541,
      "m": true
   },
   {
      "a": 403019062,
      "p": "0.53490",
      "q": "552",
      "f": 1037184828,
      "l": 1037184829,
      "T": 1705272326760,
      "m": true
   },
   {
      "a": 403019063,
      "p": "0.53490",
      "q": "6072",
      "f": 1037184830,
      "l": 1037184842,
      "T": 1705272327008,
      "m": true
   },
   {
      "a": 403019064,
      "p": "0.53480",
      "q": "2302",
      "f": 1037184843,
      "l": 1037184845,
      "T": 1705272327035,
      "m": true
   },
   {
      "a": 403019065,
      "p": "0.53490",
      "q": "37",
      "f": 1037184846,
      "l": 1037184846,
      "T": 1705272331072,
      "m": false
   },
   {
      "a": 403019066,
      "p": "0.53480",
      "q": "26",
      "f": 1037184847,
      "l": 1037184847,
      "T": 1705272332040,
      "m": true
   },
   {
      "a": 403019067,
      "p": "0.53490",
      "q": "186",
      "f": 1037184848,
      "l": 1037184848,
      "T": 1705272334848,
      "m": false
   },
   {
      "a": 403019068,
      "p": "0.53480",
      "q": "7260",
      "f": 1037184849,
      "l": 1037184873,
      "T": 1705272334858,
      "m": true
   },
   {
      "a": 403019069,
      "p": "0.53470",
      "q": "687",
      "f": 1037184874,
      "l": 1037184885,
      "T": 1705272335320,
      "m": true
   },
   {
      "a": 403019070,
      "p": "0.53460",
      "q": "34",
      "f": 1037184886,
      "l": 1037184886,
      "T": 1705272335322,
      "m": true
   },
   {
      "a": 403019071,
      "p": "0.53470",
      "q": "16",
      "f": 1037184887,
      "l": 1037184887,
      "T": 1705272336603,
      "m": false
   },
   {
      "a": 403019072,
      "p": "0.53460",
      "q": "292",
      "f": 1037184888,
      "l": 1037184891,
      "T": 1705272336637,
      "m": true
   },
   {
      "a": 403019073,
      "p": "0.53460",
      "q": "6",
      "f": 1037184892,
      "l": 1037184892,
      "T": 1705272341634,
      "m": true
   },
   {
      "a": 403019074,
      "p": "0.53460",
      "q": "320",
      "f": 1037184893,
      "l": 1037184893,
      "T": 1705272342772,
      "m": true
   },
   {
      "a": 403019075,
      "p": "0.53460",
      "q": "17",
      "f": 1037184894,
      "l": 1037184894,
      "T": 1705272343246,
      "m": true
   },
   {
      "a": 403019076,
      "p": "0.53460",
      "q": "43",
      "f": 1037184895,
      "l": 1037184895,
      "T": 1705272345336,
      "m": true
   },
   {
      "a": 403019077,
      "p": "0.53460",
      "q": "7",
      "f": 1037184896,
      "l": 1037184896,
      "T": 1705272346104,
      "m": true
   },
   {
      "a": 403019078,
      "p": "0.53460",
      "q": "2626",
      "f": 1037184897,
      "l": 1037184907,
      "T": 1705272348091,
      "m": true
   },
   {
      "a": 403019079,
      "p": "0.53470",
      "q": "36",
      "f": 1037184908,
      "l": 1037184908,
      "T": 1705272348858,
      "m": false
   },
   {
      "a": 403019080,
      "p": "0.53460",
      "q": "2661",
      "f": 1037184909,
      "l": 1037184916,
      "T": 1705272349152,
      "m": true
   },
   {
      "a": 403019081,
      "p": "0.53470",
      "q": "1564",
      "f": 1037184917,
      "l": 1037184917,
      "T": 1705272350904,
      "m": false
   },
   {
      "a": 403019082,
      "p": "0.53460",
      "q": "17",
      "f": 1037184918,
      "l": 1037184918,
      "T": 1705272352478,
      "m": true
   },
   {
      "a": 403019083,
      "p": "0.53470",
      "q": "18",
      "f": 1037184919,
      "l": 1037184919,
      "T": 1705272353962,
      "m": false
   },
   {
      "a": 403019084,
      "p": "0.53470",
      "q": "1000",
      "f": 1037184920,
      "l": 1037184920,
      "T": 1705272354624,
      "m": false
   },
   {
      "a": 403019085,
      "p": "0.53460",
      "q": "2231",
      "f": 1037184921,
      "l": 1037184923,
      "T": 1705272354864,
      "m": true
   },
   {
      "a": 403019086,
      "p": "0.53460",
      "q": "45",
      "f": 1037184924,
      "l": 1037184924,
      "T": 1705272355918,
      "m": true
   },
   {
      "a": 403019087,
      "p": "0.53460",
      "q": "22",
      "f": 1037184925,
      "l": 1037184925,
      "T": 1705272356357,
      "m": true
   },
   {
      "a": 403019088,
      "p": "0.53460",
      "q": "48",
      "f": 1037184926,
      "l": 1037184927,
      "T": 1705272357100,
      "m": true
   },
   {
      "a": 403019089,
      "p": "0.53460",
      "q": "2640",
      "f": 1037184928,
      "l": 1037184933,
      "T": 1705272358491,
      "m": true
   },
   {
      "a": 403019090,
      "p": "0.53460",
      "q": "1676",
      "f": 1037184934,
      "l": 1037184940,
      "T": 1705272361226,
      "m": true
   },
   {
      "a": 403019091,
      "p": "0.53460",
      "q": "2399",
      "f": 1037184941,
      "l": 1037184951,
      "T": 1705272362811,
      "m": true
   },
   {
      "a": 403019092,
      "p": "0.53450",
      "q": "834",
      "f": 1037184952,
      "l": 1037184960,
      "T": 1705272362811,
      "m": true
   },
   {
      "a": 403019093,
      "p": "0.53450",
      "q": "75",
      "f": 1037184961,
      "l": 1037184961,
      "T": 1705272363334,
      "m": true
   },
   {
      "a": 403019094,
      "p": "0.53450",
      "q": "1025",
      "f": 1037184962,
      "l": 1037184965,
      "T": 1705272363540,
      "m": true
   },
   {
      "a": 403019095,
      "p": "0.53440",
      "q": "5216",
      "f": 1037184966,
      "l": 1037184980,
      "T": 1705272363540,
      "m": true
   },
   {
      "a": 403019096,
      "p": "0.53450",
      "q": "21073",
      "f": 1037184981,
      "l": 1037185015,
      "T": 1705272368496,
      "m": false
   },
   {
      "a": 403019097,
      "p": "0.53460",
      "q": "460",
      "f": 1037185016,
      "l": 1037185017,
      "T": 1705272368581,
      "m": false
   },
   {
      "a": 403019098,
      "p": "0.53450",
      "q": "315",
      "f": 1037185018,
      "l": 1037185018,
      "T": 1705272368800,
      "m": true
   },
   {
      "a": 403019099,
      "p": "0.53450",
      "q": "2703",
      "f": 1037185019,
      "l": 1037185023,
      "T": 1705272370023,
      "m": true
   },
   {
      "a": 403019100,
      "p": "0.53460",
      "q": "3540",
      "f": 1037185024,
      "l": 1037185026,
      "T": 1705272370027,
      "m": false
   },
   {
      "a": 403019101,
      "p": "0.53460",
      "q": "33",
      "f": 1037185027,
      "l": 1037185027,
      "T": 1705272370393,
      "m": true
   },
   {
      "a": 403019102,
      "p": "0.53460",
      "q": "6",
      "f": 1037185028,
      "l": 1037185028,
      "T": 1705272370837,
      "m": true
   },
   {
      "a": 403019103,
      "p": "0.53460",
      "q": "40",
      "f": 1037185029,
      "l": 1037185030,
      "T": 1705272371415,
      "m": true
   },
   {
      "a": 403019104,
      "p": "0.53460",
      "q": "2493",
      "f": 1037185031,
      "l": 1037185038,
      "T": 1705272372307,
      "m": true
   },
   {
      "a": 403019105,
      "p": "0.53460",
      "q": "1996",
      "f": 1037185039,
      "l": 1037185041,
      "T": 1705272373177,
      "m": false
   },
   {
      "a": 403019106,
      "p": "0.53460",
      "q": "19",
      "f": 1037185042,
      "l": 1037185042,
      "T": 1705272375389,
      "m": true
   },
   {
      "a": 403019107,
      "p": "0.53460",
      "q": "57",
      "f": 1037185043,
      "l": 1037185043,
      "T": 1705272375833,
      "m": true
   },
   {
      "a": 403019108,
      "p": "0.53470",
      "q": "84",
      "f": 1037185044,
      "l": 1037185044,
      "T": 1705272376679,
      "m": false
   },
   {
      "a": 403019109,
      "p": "0.53470",
      "q": "104",
      "f": 1037185045,
      "l": 1037185046,
      "T": 1705272377254,
      "m": false
   },
   {
      "a": 403019110,
      "p": "0.53470",
      "q": "7922",
      "f": 1037185047,
      "l": 1037185059,
      "T": 1705272377670,
      "m": false
   },
   {
      "a": 403019111,
      "p": "0.53470",
      "q": "9",
      "f": 1037185060,
      "l": 1037185060,
      "T": 1705272379849,
      "m": true
   },
   {
      "a": 403019112,
      "p": "0.53470",
      "q": "30",
      "f": 1037185061,
      "l": 1037185061,
      "T": 1705272380506,
      "m": true
   },
   {
      "a": 403019113,
      "p": "0.53470",
      "q": "20",
      "f": 1037185062,
      "l": 1037185062,
      "T": 1705272380845,
      "m": true
   },
   {
      "a": 403019114,
      "p": "0.53470",
      "q": "4",
      "f": 1037185063,
      "l": 1037185063,
      "T": 1705272382427,
      "m": true
   },
   {
      "a": 403019115,
      "p": "0.53470",
      "q": "3",
      "f": 1037185064,
      "l": 1037185064,
      "T": 1705272383722,
      "m": true
   },
   {
      "a": 403019116,
      "p": "0.53480",
      "q": "33",
      "f": 1037185065,
      "l": 1037185065,
      "T": 1705272385198,
      "m": false
   },
   {
      "a": 403019117,
      "p": "0.53480",
      "q": "750",
      "f": 1037185066,
      "l": 1037185068,
      "T": 1705272386990,
      "m": false
   },
   {
      "a": 403019118,
      "p": "0.53480",
      "q": "51",
      "f": 1037185069,
      "l": 1037185069,
      "T": 1705272387187,
      "m": false
   },
   {
      "a": 403019119,
      "p": "0.53470",
      "q": "72",
      "f": 1037185070,
      "l": 1037185070,
      "T": 1705272387338,
      "m": true
   },
   {
      "a": 403019120,
      "p": "0.53480",
      "q": "14",
      "f": 1037185071,
      "l": 1037185071,
      "T": 1705272389036,
      "m": false
   },
   {
      "a": 403019121,
      "p": "0.53480",
      "q": "882",
      "f": 1037185072,
      "l": 1037185072,
      "T": 1705272390756,
      "m": false
   },
   {
      "a": 403019122,
      "p": "0.53480",
      "q": "2345",
      "f": 1037185073,
      "l": 1037185081,
      "T": 1705272391517,
      "m": false
   },
   {
      "a": 403019123,
      "p": "0.53490",
      "q": "7223",
      "f": 1037185082,
      "l": 1037185091,
      "T": 1705272391517,
      "m": false
   },
   {
      "a": 403019124,
      "p": "0.53500",
      "q": "12867",
      "f": 1037185092,
      "l": 1037185101,
      "T": 1705272391517,
      "m": false
   },
   {
      "a": 403019125,
      "p": "0.53490",
      "q": "182",
      "f": 1037185102,
      "l": 1037185102,
      "T": 1705272391658,
      "m": true
   },
   {
      "a": 403019126,
      "p": "0.53490",
      "q": "373",
      "f": 1037185103,
      "l": 1037185103,
      "T": 1705272392783,
      "m": true
   },
   {
      "a": 403019127,
      "p": "0.53490",
      "q": "3",
      "f": 1037185104,
      "l": 1037185104,
      "T": 1705272397397,
      "m": true
   },
   {
      "a": 403019128,
      "p": "0.53490",
      "q": "38",
      "f": 1037185105,
      "l": 1037185105,
      "T": 1705272400952,
      "m": true
   },
   {
      "a": 403019129,
      "p": "0.53490",
      "q": "6048",
      "f": 1037185106,
      "l": 1037185123,
      "T": 1705272403601,
      "m": true
   },
   {
      "a": 403019130,
      "p": "0.53490",
      "q": "666",
      "f": 1037185124,
      "l": 1037185125,
      "T": 1705272404041,
      "m": false
   },
   {
      "a": 403019131,
      "p": "0.53490",
      "q": "51",
      "f": 1037185126,
      "l": 1037185126,
      "T": 1705272404636,
      "m": false
   },
   {
      "a": 403019132,
      "p": "0.53480",
      "q": "3116",
      "f": 1037185127,
      "l": 1037185135,
      "T": 1705272406107,
      "m": true
   },
   {
      "a": 403019133,
      "p": "0.53470",
      "q": "2028",
      "f": 1037185136,
      "l": 1037185144,
      "T": 1705272407514,
      "m": true
   },
   {
      "a": 403019134,
      "p": "0.53460",
      "q": "224",
      "f": 1037185145,
      "l": 1037185147,
      "T": 1705272407745,
      "m": true
   },
   {
      "a": 403019135,
      "p": "0.53450",
      "q": "78",
      "f": 1037185148,
      "l": 1037185150,
      "T": 1705272408482,
      "m": true
   },
   {
      "a": 403019136,
      "p": "0.53460",
      "q": "127",
      "f": 1037185151,
      "l": 1037185151,
      "T": 1705272409585,
      "m": false
   },
   {
      "a": 403019137,
      "p": "0.53450",
      "q": "81",
      "f": 1037185152,
      "l": 1037185154,
      "T": 1705272411371,
      "m": true
   },
   {
      "a": 403019138,
      "p": "0.53460",
      "q": "600",
      "f": 1037185155,
      "l": 1037185155,
      "T": 1705272411433,
      "m": false
   },
   {
      "a": 403019139,
      "p": "0.53450",
      "q": "4",
      "f": 1037185156,
      "l": 1037185156,
      "T": 1705272412892,
      "m": true
   },
   {
      "a": 403019140,
      "p": "0.53450",
      "q": "4236",
      "f": 1037185157,
      "l": 1037185173,
      "T": 1705272416004,
      "m": true
   },
   {
      "a": 403019141,
      "p": "0.53440",
      "q": "116",
      "f": 1037185174,
      "l": 1037185174,
      "T": 1705272416006,
      "m": true
   },
   {
      "a": 403019142,
      "p": "0.53440",
      "q": "612",
      "f": 1037185175,
      "l": 1037185179,
      "T": 1705272416714,
      "m": true
   },
   {
      "a": 403019143,
      "p": "0.53430",
      "q": "1267",
      "f": 1037185180,
      "l": 1037185182,
      "T": 1705272416714,
      "m": true
   },
   {
      "a": 403019144,
      "p": "0.53430",
      "q": "101",
      "f": 1037185183,
      "l": 1037185184,
      "T": 1705272421543,
      "m": true
   },
   {
      "a": 403019145,
      "p": "0.53440",
      "q": "688",
      "f": 1037185185,
      "l": 1037185185,
      "T": 1705272422673,
      "m": false
   },
   {
      "a": 403019146,
      "p": "0.53440",
      "q": "244",
      "f": 1037185186,
      "l": 1037185187,
      "T": 1705272423253,
      "m": false
   },
   {
      "a": 403019147,
      "p": "0.53440",
      "q": "37",
      "f": 1037185188,
      "l": 1037185188,
      "T": 1705272423707,
      "m": false
   },
   {
      "a": 403019148,
      "p": "0.53440",
      "q": "3511",
      "f": 1037185189,
      "l": 1037185194,
      "T": 1705272424075,
      "m": false
   },
   {
      "a": 403019149,
      "p": "0.53440",
      "q": "17",
      "f": 1037185195,
      "l": 1037185195,
      "T": 1705272425101,
      "m": true
   },
   {
      "a": 403019150,
      "p": "0.53450",
      "q": "688",
      "f": 1037185196,
      "l": 1037185197,
      "T": 1705272425286,
      "m": false
   },
   {
      "a": 403019151,
      "p": "0.53440",
      "q": "6",
      "f": 1037185198,
      "l": 1037185198,
      "T": 1705272426441,
      "m": true
   },
   {
      "a": 403019152,
      "p": "0.53450",
      "q": "1229",
      "f": 1037185199,
      "l": 1037185201,
      "T": 1705272426499,
      "m": false
   },
   {
      "a": 403019153,
      "p": "0.53450",
      "q": "303",
      "f": 1037185202,
      "l": 1037185203,
      "T": 1705272426956,
      "m": false
   },
   {
      "a": 403019154,
      "p": "0.53450",
      "q": "210",
      "f": 1037185204,
      "l": 1037185205,
      "T": 1705272427708,
      "m": false
   },
   {
      "a": 403019155,
      "p": "0.53460",
      "q": "1019",
      "f": 1037185206,
      "l": 1037185207,
      "T": 1705272427708,
      "m": false
   },
   {
      "a": 403019156,
      "p": "0.53460",
      "q": "36",
      "f": 1037185208,
      "l": 1037185209,
      "T": 1705272427856,
      "m": false
   },
   {
      "a": 403019157,
      "p": "0.53460",
      "q": "1196",
      "f": 1037185210,
      "l": 1037185214,
      "T": 1705272428916,
      "m": false
   },
   {
      "a": 403019158,
      "p": "0.53450",
      "q": "2",
      "f": 1037185215,
      "l": 1037185215,
      "T": 1705272429290,
      "m": true
   },
   {
      "a": 403019159,
      "p": "0.53450",
      "q": "129",
      "f": 1037185216,
      "l": 1037185216,
      "T": 1705272429591,
      "m": true
   },
   {
      "a": 403019160,
      "p": "0.53460",
      "q": "3135",
      "f": 1037185217,
      "l": 1037185218,
      "T": 1705272430550,
      "m": false
   },
   {
      "a": 403019161,
      "p": "0.53460",
      "q": "9",
      "f": 1037185219,
      "l": 1037185219,
      "T": 1705272430747,
      "m": true
   },
   {
      "a": 403019162,
      "p": "0.53470",
      "q": "103",
      "f": 1037185220,
      "l": 1037185223,
      "T": 1705272432100,
      "m": false
   },
   {
      "a": 403019163,
      "p": "0.53460",
      "q": "5414",
      "f": 1037185224,
      "l": 1037185238,
      "T": 1705272436198,
      "m": true
   },
   {
      "a": 403019164,
      "p": "0.53460",
      "q": "98",
      "f": 1037185239,
      "l": 1037185240,
      "T": 1705272436424,
      "m": false
   },
   {
      "a": 403019165,
      "p": "0.53460",
      "q": "400",
      "f": 1037185241,
      "l": 1037185241,
      "T": 1705272436739,
      "m": false
   },
   {
      "a": 403019166,
      "p": "0.53450",
      "q": "82",
      "f": 1037185242,
      "l": 1037185242,
      "T": 1705272436988,
      "m": true
   },
   {
      "a": 403019167,
      "p": "0.53460",
      "q": "18",
      "f": 1037185243,
      "l": 1037185243,
      "T": 1705272438429,
      "m": false
   },
   {
      "a": 403019168,
      "p": "0.53450",
      "q": "49",
      "f": 1037185244,
      "l": 1037185244,
      "T": 1705272440681,
      "m": true
   },
   {
      "a": 403019169,
      "p": "0.53450",
      "q": "11",
      "f": 1037185245,
      "l": 1037185245,
      "T": 1705272442292,
      "m": true
   },
   {
      "a": 403019170,
      "p": "0.53450",
      "q": "400",
      "f": 1037185246,
      "l": 1037185248,
      "T": 1705272442691,
      "m": true
   },
   {
      "a": 403019171,
      "p": "0.53460",
      "q": "932",
      "f": 1037185249,
      "l": 1037185252,
      "T": 1705272443273,
      "m": false
   },
   {
      "a": 403019172,
      "p": "0.53460",
      "q": "36",
      "f": 1037185253,
      "l": 1037185254,
      "T": 1705272444612,
      "m": true
   },
   {
      "a": 403019173,
      "p": "0.53460",
      "q": "59",
      "f": 1037185255,
      "l": 1037185255,
      "T": 1705272446344,
      "m": true
   },
   {
      "a": 403019174,
      "p": "0.53470",
      "q": "6483",
      "f": 1037185256,
      "l": 1037185260,
      "T": 1705272446433,
      "m": false
   },
   {
      "a": 403019175,
      "p": "0.53480",
      "q": "5950",
      "f": 1037185261,
      "l": 1037185267,
      "T": 1705272446485,
      "m": false
   },
   {
      "a": 403019176,
      "p": "0.53480",
      "q": "16",
      "f": 1037185268,
      "l": 1037185268,
      "T": 1705272447855,
      "m": true
   },
   {
      "a": 403019177,
      "p": "0.53480",
      "q": "14",
      "f": 1037185269,
      "l": 1037185269,
      "T": 1705272448517,
      "m": true
   },
   {
      "a": 403019178,
      "p": "0.53480",
      "q": "1003",
      "f": 1037185270,
      "l": 1037185271,
      "T": 1705272449969,
      "m": true
   },
   {
      "a": 403019179,
      "p": "0.53480",
      "q": "433",
      "f": 1037185272,
      "l": 1037185277,
      "T": 1705272453338,
      "m": true
   },
   {
      "a": 403019180,
      "p": "0.53480",
      "q": "16",
      "f": 1037185278,
      "l": 1037185278,
      "T": 1705272454302,
      "m": true
   },
   {
      "a": 403019181,
      "p": "0.53480",
      "q": "121",
      "f": 1037185279,
      "l": 1037185279,
      "T": 1705272456246,
      "m": true
   },
   {
      "a": 403019182,
      "p": "0.53480",
      "q": "6",
      "f": 1037185280,
      "l": 1037185280,
      "T": 1705272459833,
      "m": true
   },
   {
      "a": 403019183,
      "p": "0.53480",
      "q": "355",
      "f": 1037185281,
      "l": 1037185283,
      "T": 1705272461724,
      "m": true
   },
   {
      "a": 403019184,
      "p": "0.53490",
      "q": "15",
      "f": 1037185284,
      "l": 1037185284,
      "T": 1705272466414,
      "m": false
   },
   {
      "a": 403019185,
      "p": "0.53490",
      "q": "1882",
      "f": 1037185285,
      "l": 1037185286,
      "T": 1705272467129,
      "m": false
   },
   {
      "a": 403019186,
      "p": "0.53480",
      "q": "1497",
      "f": 1037185287,
      "l": 1037185290,
      "T": 1705272468783,
      "m": true
   },
   {
      "a": 403019187,
      "p": "0.53480",
      "q": "3",
      "f": 1037185291,
      "l": 1037185291,
      "T": 1705272469543,
      "m": true
   },
   {
      "a": 403019188,
      "p": "0.53480",
      "q": "1836",
      "f": 1037185292,
      "l": 1037185300,
      "T": 1705272469713,
      "m": true
   },
   {
      "a": 403019189,
      "p": "0.53480",
      "q": "11",
      "f": 1037185301,
      "l": 1037185301,
      "T": 1705272476072,
      "m": true
   },
   {
      "a": 403019190,
      "p": "0.53490",
      "q": "527",
      "f": 1037185302,
      "l": 1037185302,
      "T": 1705272476476,
      "m": false
   },
   {
      "a": 403019191,
      "p": "0.53480",
      "q": "6",
      "f": 1037185303,
      "l": 1037185303,
      "T": 1705272476516,
      "m": true
   },
   {
      "a": 403019192,
      "p": "0.53490",
      "q": "718",
      "f": 1037185304,
      "l": 1037185307,
      "T": 1705272477235,
      "m": false
   },
   {
      "a": 403019193,
      "p": "0.53480",
      "q": "11853",
      "f": 1037185308,
      "l": 1037185322,
      "T": 1705272478361,
      "m": true
   },
   {
      "a": 403019194,
      "p": "0.53470",
      "q": "3147",
      "f": 1037185323,
      "l": 1037185324,
      "T": 1705272478361,
      "m": true
   },
   {
      "a": 403019195,
      "p": "0.53480",
      "q": "61",
      "f": 1037185325,
      "l": 1037185325,
      "T": 1705272484265,
      "m": true
   },
   {
      "a": 403019196,
      "p": "0.53490",
      "q": "9",
      "f": 1037185326,
      "l": 1037185326,
      "T": 1705272487446,
      "m": false
   },
   {
      "a": 403019197,
      "p": "0.53480",
      "q": "1618",
      "f": 1037185327,
      "l": 1037185340,
      "T": 1705272487733,
      "m": true
   },
   {
      "a": 403019198,
      "p": "0.53470",
      "q": "343",
      "f": 1037185341,
      "l": 1037185341,
      "T": 1705272487733,
      "m": true
   },
   {
      "a": 403019199,
      "p": "0.53480",
      "q": "1288",
      "f": 1037185342,
      "l": 1037185342,
      "T": 1705272487842,
      "m": false
   },
   {
      "a": 403019200,
      "p": "0.53480",
      "q": "1517",
      "f": 1037185343,
      "l": 1037185344,
      "T": 1705272488223,
      "m": false
   },
   {
      "a": 403019201,
      "p": "0.53490",
      "q": "17705",
      "f": 1037185345,
      "l": 1037185356,
      "T": 1705272491506,
      "m": false
   },
   {
      "a": 403019202,
      "p": "0.53500",
      "q": "10891",
      "f": 1037185357,
      "l": 1037185363,
      "T": 1705272491509,
      "m": false
   },
   {
      "a": 403019203,
      "p": "0.53500",
      "q": "73",
      "f": 1037185364,
      "l": 1037185364,
      "T": 1705272491556,
      "m": true
   },
   {
      "a": 403019204,
      "p": "0.53500",
      "q": "340",
      "f": 1037185365,
      "l": 1037185366,
      "T": 1705272492741,
      "m": false
   },
   {
      "a": 403019205,
      "p": "0.53490",
      "q": "1288",
      "f": 1037185367,
      "l": 1037185369,
      "T": 1705272494265,
      "m": true
   },
   {
      "a": 403019206,
      "p": "0.53490",
      "q": "4",
      "f": 1037185370,
      "l": 1037185370,
      "T": 1705272497197,
      "m": true
   },
   {
      "a": 403019207,
      "p": "0.53490",
      "q": "9",
      "f": 1037185371,
      "l": 1037185371,
      "T": 1705272499347,
      "m": true
   },
   {
      "a": 403019208,
      "p": "0.53500",
      "q": "3623",
      "f": 1037185372,
      "l": 1037185375,
      "T": 1705272500244,
      "m": false
   },
   {
      "a": 403019209,
      "p": "0.53490",
      "q": "335",
      "f": 1037185376,
      "l": 1037185376,
      "T": 1705272504289,
      "m": true
   },
   {
      "a": 403019210,
      "p": "0.53500",
      "q": "964",
      "f": 1037185377,
      "l": 1037185381,
      "T": 1705272504906,
      "m": false
   },
   {
      "a": 403019211,
      "p": "0.53500",
      "q": "4",
      "f": 1037185382,
      "l": 1037185382,
      "T": 1705272505244,
      "m": true
   },
   {
      "a": 403019212,
      "p": "0.53500",
      "q": "15",
      "f": 1037185383,
      "l": 1037185383,
      "T": 1705272505616,
      "m": true
   },
   {
      "a": 403019213,
      "p": "0.53500",
      "q": "8",
      "f": 1037185384,
      "l": 1037185384,
      "T": 1705272507753,
      "m": true
   },
   {
      "a": 403019214,
      "p": "0.53510",
      "q": "163",
      "f": 1037185385,
      "l": 1037185386,
      "T": 1705272515158,
      "m": false
   },
   {
      "a": 403019215,
      "p": "0.53510",
      "q": "9601",
      "f": 1037185387,
      "l": 1037185398,
      "T": 1705272518422,
      "m": false
   },
   {
      "a": 403019216,
      "p": "0.53510",
      "q": "182",
      "f": 1037185399,
      "l": 1037185399,
      "T": 1705272523388,
      "m": true
   },
   {
      "a": 403019217,
      "p": "0.53520",
      "q": "706",
      "f": 1037185400,
      "l": 1037185403,
      "T": 1705272527864,
      "m": false
   },
   {
      "a": 403019218,
      "p": "0.53520",
      "q": "979",
      "f": 1037185404,
      "l": 1037185404,
      "T": 1705272530357,
      "m": false
   },
   {
      "a": 403019219,
      "p": "0.53520",
      "q": "5600",
      "f": 1037185405,
      "l": 1037185412,
      "T": 1705272530519,
      "m": false
   },
   {
      "a": 403019220,
      "p": "0.53530",
      "q": "2162",
      "f": 1037185413,
      "l": 1037185414,
      "T": 1705272530538,
      "m": false
   },
   {
      "a": 403019221,
      "p": "0.53520",
      "q": "187",
      "f": 1037185415,
      "l": 1037185415,
      "T": 1705272535312,
      "m": true
   },
   {
      "a": 403019222,
      "p": "0.53520",
      "q": "25",
      "f": 1037185416,
      "l": 1037185416,
      "T": 1705272535656,
      "m": true
   },
   {
      "a": 403019223,
      "p": "0.53520",
      "q": "9",
      "f": 1037185417,
      "l": 1037185417,
      "T": 1705272536089,
      "m": true
   },
   {
      "a": 403019224,
      "p": "0.53530",
      "q": "1000",
      "f": 1037185418,
      "l": 1037185421,
      "T": 1705272539049,
      "m": false
   },
   {
      "a": 403019225,
      "p": "0.53520",
      "q": "2",
      "f": 1037185422,
      "l": 1037185422,
      "T": 1705272539202,
      "m": true
   },
   {
      "a": 403019226,
      "p": "0.53520",
      "q": "493",
      "f": 1037185423,
      "l": 1037185425,
      "T": 1705272539706,
      "m": true
   },
   {
      "a": 403019227,
      "p": "0.53530",
      "q": "482",
      "f": 1037185426,
      "l": 1037185428,
      "T": 1705272542905,
      "m": false
   },
   {
      "a": 403019228,
      "p": "0.53520",
      "q": "187",
      "f": 1037185429,
      "l": 1037185429,
      "T": 1705272542971,
      "m": true
   },
   {
      "a": 403019229,
      "p": "0.53530",
      "q": "2923",
      "f": 1037185430,
      "l": 1037185435,
      "T": 1705272544605,
      "m": false
   },
   {
      "a": 403019230,
      "p": "0.53540",
      "q": "6419",
      "f": 1037185436,
      "l": 1037185449,
      "T": 1705272544605,
      "m": false
   },
   {
      "a": 403019231,
      "p": "0.53530",
      "q": "11174",
      "f": 1037185450,
      "l": 1037185460,
      "T": 1705272545810,
      "m": true
   },
   {
      "a": 403019232,
      "p": "0.53530",
      "q": "187",
      "f": 1037185461,
      "l": 1037185461,
      "T": 1705272546220,
      "m": true
   },
   {
      "a": 403019233,
      "p": "0.53530",
      "q": "187",
      "f": 1037185462,
      "l": 1037185462,
      "T": 1705272549466,
      "m": true
   },
   {
      "a": 403019234,
      "p": "0.53530",
      "q": "13",
      "f": 1037185463,
      "l": 1037185463,
      "T": 1705272550563,
      "m": true
   },
   {
      "a": 403019235,
      "p": "0.53540",
      "q": "103",
      "f": 1037185464,
      "l": 1037185465,
      "T": 1705272551044,
      "m": false
   },
   {
      "a": 403019236,
      "p": "0.53530",
      "q": "187",
      "f": 1037185466,
      "l": 1037185466,
      "T": 1705272552709,
      "m": true
   },
   {
      "a": 403019237,
      "p": "0.53530",
      "q": "3",
      "f": 1037185467,
      "l": 1037185467,
      "T": 1705272552909,
      "m": true
   },
   {
      "a": 403019238,
      "p": "0.53540",
      "q": "53",
      "f": 1037185468,
      "l": 1037185468,
      "T": 1705272553832,
      "m": false
   },
   {
      "a": 403019239,
      "p": "0.53530",
      "q": "14943",
      "f": 1037185469,
      "l": 1037185469,
      "T": 1705272554903,
      "m": true
   },
   {
      "a": 403019240,
      "p": "0.53530",
      "q": "187",
      "f": 1037185470,
      "l": 1037185470,
      "T": 1705272555950,
      "m": true
   },
   {
      "a": 403019241,
      "p": "0.53540",
      "q": "146",
      "f": 1037185471,
      "l": 1037185472,
      "T": 1705272556847,
      "m": false
   },
   {
      "a": 403019242,
      "p": "0.53530",
      "q": "31",
      "f": 1037185473,
      "l": 1037185473,
      "T": 1705272557247,
      "m": true
   },
   {
      "a": 403019243,
      "p": "0.53540",
      "q": "1588",
      "f": 1037185474,
      "l": 1037185475,
      "T": 1705272557495,
      "m": false
   },
   {
      "a": 403019244,
      "p": "0.53530",
      "q": "33490",
      "f": 1037185476,
      "l": 1037185490,
      "T": 1705272558265,
      "m": true
   },
   {
      "a": 403019245,
      "p": "0.53520",
      "q": "187",
      "f": 1037185491,
      "l": 1037185491,
      "T": 1705272559191,
      "m": true
   },
   {
      "a": 403019246,
      "p": "0.53530",
      "q": "174",
      "f": 1037185492,
      "l": 1037185492,
      "T": 1705272559715,
      "m": false
   },
   {
      "a": 403019247,
      "p": "0.53520",
      "q": "1105",
      "f": 1037185493,
      "l": 1037185509,
      "T": 1705272560730,
      "m": true
   },
   {
      "a": 403019248,
      "p": "0.53510",
      "q": "447",
      "f": 1037185510,
      "l": 1037185515,
      "T": 1705272560909,
      "m": true
   },
   {
      "a": 403019249,
      "p": "0.53500",
      "q": "6302",
      "f": 1037185516,
      "l": 1037185525,
      "T": 1705272560956,
      "m": true
   },
   {
      "a": 403019250,
      "p": "0.53490",
      "q": "13807",
      "f": 1037185526,
      "l": 1037185540,
      "T": 1705272560956,
      "m": true
   },
   {
      "a": 403019251,
      "p": "0.53480",
      "q": "12762",
      "f": 1037185541,
      "l": 1037185549,
      "T": 1705272560956,
      "m": true
   },
   {
      "a": 403019252,
      "p": "0.53500",
      "q": "31",
      "f": 1037185550,
      "l": 1037185550,
      "T": 1705272561251,
      "m": false
   },
   {
      "a": 403019253,
      "p": "0.53490",
      "q": "135",
      "f": 1037185551,
      "l": 1037185551,
      "T": 1705272562434,
      "m": true
   },
   {
      "a": 403019254,
      "p": "0.53490",
      "q": "790",
      "f": 1037185552,
      "l": 1037185556,
      "T": 1705272564524,
      "m": true
   },
   {
      "a": 403019255,
      "p": "0.53480",
      "q": "9784",
      "f": 1037185557,
      "l": 1037185564,
      "T": 1705272564574,
      "m": true
   },
   {
      "a": 403019256,
      "p": "0.53480",
      "q": "124",
      "f": 1037185565,
      "l": 1037185565,
      "T": 1705272564882,
      "m": false
   },
   {
      "a": 403019257,
      "p": "0.53480",
      "q": "373",
      "f": 1037185566,
      "l": 1037185567,
      "T": 1705272566586,
      "m": false
   },
   {
      "a": 403019258,
      "p": "0.53480",
      "q": "687",
      "f": 1037185568,
      "l": 1037185570,
      "T": 1705272571075,
      "m": false
   },
   {
      "a": 403019259,
      "p": "0.53490",
      "q": "2313",
      "f": 1037185571,
      "l": 1037185572,
      "T": 1705272571075,
      "m": false
   },
   {
      "a": 403019260,
      "p": "0.53480",
      "q": "1110",
      "f": 1037185573,
      "l": 1037185575,
      "T": 1705272571655,
      "m": true
   },
   {
      "a": 403019261,
      "p": "0.53480",
      "q": "30",
      "f": 1037185576,
      "l": 1037185576,
      "T": 1705272572025,
      "m": false
   },
   {
      "a": 403019262,
      "p": "0.53470",
      "q": "547",
      "f": 1037185577,
      "l": 1037185581,
      "T": 1705272572529,
      "m": true
   },
   {
      "a": 403019263,
      "p": "0.53470",
      "q": "2564",
      "f": 1037185582,
      "l": 1037185589,
      "T": 1705272574579,
      "m": true
   },
   {
      "a": 403019264,
      "p": "0.53460",
      "q": "221",
      "f": 1037185590,
      "l": 1037185592,
      "T": 1705272575051,
      "m": true
   },
   {
      "a": 403019265,
      "p": "0.53470",
      "q": "490",
      "f": 1037185593,
      "l": 1037185593,
      "T": 1705272582051,
      "m": false
   },
   {
      "a": 403019266,
      "p": "0.53460",
      "q": "2798",
      "f": 1037185594,
      "l": 1037185604,
      "T": 1705272582496,
      "m": true
   },
   {
      "a": 403019267,
      "p": "0.53460",
      "q": "3740",
      "f": 1037185605,
      "l": 1037185607,
      "T": 1705272582793,
      "m": false
   },
   {
      "a": 403019268,
      "p": "0.53450",
      "q": "97",
      "f": 1037185608,
      "l": 1037185609,
      "T": 1705272583083,
      "m": true
   },
   {
      "a": 403019269,
      "p": "0.53460",
      "q": "1000",
      "f": 1037185610,
      "l": 1037185610,
      "T": 1705272590095,
      "m": false
   },
   {
      "a": 403019270,
      "p": "0.53460",
      "q": "485",
      "f": 1037185611,
      "l": 1037185611,
      "T": 1705272590752,
      "m": false
   },
   {
      "a": 403019271,
      "p": "0.53450",
      "q": "41",
      "f": 1037185612,
      "l": 1037185612,
      "T": 1705272594827,
      "m": true
   },
   {
      "a": 403019272,
      "p": "0.53450",
      "q": "527",
      "f": 1037185613,
      "l": 1037185613,
      "T": 1705272596975,
      "m": true
   },
   {
      "a": 403019273,
      "p": "0.53450",
      "q": "214",
      "f": 1037185614,
      "l": 1037185619,
      "T": 1705272597517,
      "m": true
   },
   {
      "a": 403019274,
      "p": "0.53460",
      "q": "336",
      "f": 1037185620,
      "l": 1037185620,
      "T": 1705272600503,
      "m": false
   },
   {
      "a": 403019275,
      "p": "0.53450",
      "q": "15049",
      "f": 1037185621,
      "l": 1037185650,
      "T": 1705272601159,
      "m": true
   },
   {
      "a": 403019276,
      "p": "0.53440",
      "q": "89",
      "f": 1037185651,
      "l": 1037185651,
      "T": 1705272602528,
      "m": true
   },
   {
      "a": 403019277,
      "p": "0.53450",
      "q": "19683",
      "f": 1037185652,
      "l": 1037185673,
      "T": 1705272602642,
      "m": false
   },
   {
      "a": 403019278,
      "p": "0.53460",
      "q": "34982",
      "f": 1037185674,
      "l": 1037185698,
      "T": 1705272602664,
      "m": false
   },
   {
      "a": 403019279,
      "p": "0.53470",
      "q": "18845",
      "f": 1037185699,
      "l": 1037185713,
      "T": 1705272602666,
      "m": false
   },
   {
      "a": 403019280,
      "p": "0.53480",
      "q": "74910",
      "f": 1037185714,
      "l": 1037185733,
      "T": 1705272602675,
      "m": false
   },
   {
      "a": 403019281,
      "p": "0.53470",
      "q": "453",
      "f": 1037185734,
      "l": 1037185734,
      "T": 1705272602693,
      "m": true
   },
   {
      "a": 403019282,
      "p": "0.53480",
      "q": "5144",
      "f": 1037185735,
      "l": 1037185741,
      "T": 1705272602703,
      "m": false
   },
   {
      "a": 403019283,
      "p": "0.53480",
      "q": "56",
      "f": 1037185742,
      "l": 1037185742,
      "T": 1705272602819,
      "m": false
   },
   {
      "a": 403019284,
      "p": "0.53490",
      "q": "10921",
      "f": 1037185743,
      "l": 1037185750,
      "T": 1705272602823,
      "m": false
   },
   {
      "a": 403019285,
      "p": "0.53480",
      "q": "270",
      "f": 1037185751,
      "l": 1037185751,
      "T": 1705272602839,
      "m": true
   },
   {
      "a": 403019286,
      "p": "0.53490",
      "q": "3778",
      "f": 1037185752,
      "l": 1037185752,
      "T": 1705272602850,
      "m": false
   },
   {
      "a": 403019287,
      "p": "0.53500",
      "q": "1239",
      "f": 1037185753,
      "l": 1037185755,
      "T": 1705272602953,
      "m": false
   },
   {
      "a": 403019288,
      "p": "0.53500",
      "q": "10068",
      "f": 1037185756,
      "l": 1037185762,
      "T": 1705272603281,
      "m": false
   },
   {
      "a": 403019289,
      "p": "0.53510",
      "q": "3542",
      "f": 1037185763,
      "l": 1037185773,
      "T": 1705272603337,
      "m": false
   },
   {
      "a": 403019290,
      "p": "0.53500",
      "q": "18605",
      "f": 1037185774,
      "l": 1037185794,
      "T": 1705272603465,
      "m": true
   },
   {
      "a": 403019291,
      "p": "0.53500",
      "q": "1260",
      "f": 1037185795,
      "l": 1037185796,
      "T": 1705272603507,
      "m": false
   },
   {
      "a": 403019292,
      "p": "0.53510",
      "q": "1000",
      "f": 1037185797,
      "l": 1037185797,
      "T": 1705272604274,
      "m": false
   },
   {
      "a": 403019293,
      "p": "0.53500",
      "q": "64",
      "f": 1037185798,
      "l": 1037185798,
      "T": 1705272605294,
      "m": true
   },
   {
      "a": 403019294,
      "p": "0.53510",
      "q": "2825",
      "f": 1037185799,
      "l": 1037185801,
      "T": 1705272605558,
      "m": false
   },
   {
      "a": 403019295,
      "p": "0.53520",
      "q": "1004",
      "f": 1037185802,
      "l": 1037185803,
      "T": 1705272605558,
      "m": false
   },
   {
      "a": 403019296,
      "p": "0.53520",
      "q": "172",
      "f": 1037185804,
      "l": 1037185805,
      "T": 1705272605869,
      "m": false
   },
   {
      "a": 403019297,
      "p": "0.53520",
      "q": "246",
      "f": 1037185806,
      "l": 1037185806,
      "T": 1705272606686,
      "m": false
   },
   {
      "a": 403019298,
      "p": "0.53520",
      "q": "38",
      "f": 1037185807,
      "l": 1037185807,
      "T": 1705272608168,
      "m": false
   },
   {
      "a": 403019299,
      "p": "0.53520",
      "q": "1530",
      "f": 1037185808,
      "l": 1037185813,
      "T": 1705272608705,
      "m": false
   },
   {
      "a": 403019300,
      "p": "0.53530",
      "q": "2545",
      "f": 1037185814,
      "l": 1037185817,
      "T": 1705272608705,
      "m": false
   },
   {
      "a": 403019301,
      "p": "0.53520",
      "q": "10",
      "f": 1037185818,
      "l": 1037185818,
      "T": 1705272609685,
      "m": true
   },
   {
      "a": 403019302,
      "p": "0.53530",
      "q": "10",
      "f": 1037185819,
      "l": 1037185819,
      "T": 1705272612353,
      "m": false
   },
   {
      "a": 403019303,
      "p": "0.53530",
      "q": "198",
      "f": 1037185820,
      "l": 1037185823,
      "T": 1705272613693,
      "m": false
   },
   {
      "a": 403019304,
      "p": "0.53530",
      "q": "500",
      "f": 1037185824,
      "l": 1037185825,
      "T": 1705272613799,
      "m": false
   },
   {
      "a": 403019305,
      "p": "0.53530",
      "q": "112",
      "f": 1037185826,
      "l": 1037185827,
      "T": 1705272613953,
      "m": false
   },
   {
      "a": 403019306,
      "p": "0.53530",
      "q": "81",
      "f": 1037185828,
      "l": 1037185828,
      "T": 1705272614158,
      "m": false
   },
   {
      "a": 403019307,
      "p": "0.53530",
      "q": "10",
      "f": 1037185829,
      "l": 1037185829,
      "T": 1705272614712,
      "m": false
   },
   {
      "a": 403019308,
      "p": "0.53530",
      "q": "1377",
      "f": 1037185830,
      "l": 1037185830,
      "T": 1705272615184,
      "m": false
   },
   {
      "a": 403019309,
      "p": "0.53530",
      "q": "62",
      "f": 1037185831,
      "l": 1037185831,
      "T": 1705272617570,
      "m": false
   },
   {
      "a": 403019310,
      "p": "0.53530",
      "q": "185",
      "f": 1037185832,
      "l": 1037185833,
      "T": 1705272618708,
      "m": false
   },
   {
      "a": 403019311,
      "p": "0.53530",
      "q": "219",
      "f": 1037185834,
      "l": 1037185835,
      "T": 1705272620554,
      "m": false
   },
   {
      "a": 403019312,
      "p": "0.53540",
      "q": "22",
      "f": 1037185836,
      "l": 1037185836,
      "T": 1705272624106,
      "m": false
   },
   {
      "a": 403019313,
      "p": "0.53530",
      "q": "2",
      "f": 1037185837,
      "l": 1037185837,
      "T": 1705272624265,
      "m": true
   },
   {
      "a": 403019314,
      "p": "0.53540",
      "q": "6078",
      "f": 1037185838,
      "l": 1037185845,
      "T": 1705272625345,
      "m": false
   },
   {
      "a": 403019315,
      "p": "0.53550",
      "q": "12590",
      "f": 1037185846,
      "l": 1037185858,
      "T": 1705272625345,
      "m": false
   },
   {
      "a": 403019316,
      "p": "0.53550",
      "q": "35",
      "f": 1037185859,
      "l": 1037185859,
      "T": 1705272627324,
      "m": false
   },
   {
      "a": 403019317,
      "p": "0.53540",
      "q": "4500",
      "f": 1037185860,
      "l": 1037185863,
      "T": 1705272627869,
      "m": true
   },
   {
      "a": 403019318,
      "p": "0.53550",
      "q": "9171",
      "f": 1037185864,
      "l": 1037185870,
      "T": 1705272628560,
      "m": false
   },
   {
      "a": 403019319,
      "p": "0.53540",
      "q": "1597",
      "f": 1037185871,
      "l": 1037185874,
      "T": 1705272629028,
      "m": true
   },
   {
      "a": 403019320,
      "p": "0.53540",
      "q": "855",
      "f": 1037185875,
      "l": 1037185876,
      "T": 1705272632074,
      "m": true
   },
   {
      "a": 403019321,
      "p": "0.53550",
      "q": "3715",
      "f": 1037185877,
      "l": 1037185883,
      "T": 1705272632269,
      "m": false
   },
   {
      "a": 403019322,
      "p": "0.53550",
      "q": "40588",
      "f": 1037185884,
      "l": 1037185894,
      "T": 1705272632287,
      "m": true
   },
   {
      "a": 403019323,
      "p": "0.53550",
      "q": "447",
      "f": 1037185895,
      "l": 1037185895,
      "T": 1705272634209,
      "m": false
   },
   {
      "a": 403019324,
      "p": "0.53540",
      "q": "20",
      "f": 1037185896,
      "l": 1037185896,
      "T": 1705272636602,
      "m": true
   },
   {
      "a": 403019325,
      "p": "0.53550",
      "q": "1693",
      "f": 1037185897,
      "l": 1037185899,
      "T": 1705272642759,
      "m": false
   },
   {
      "a": 403019326,
      "p": "0.53540",
      "q": "110",
      "f": 1037185900,
      "l": 1037185900,
      "T": 1705272650883,
      "m": true
   },
   {
      "a": 403019327,
      "p": "0.53540",
      "q": "6",
      "f": 1037185901,
      "l": 1037185901,
      "T": 1705272651967,
      "m": true
   },
   {
      "a": 403019328,
      "p": "0.53540",
      "q": "724",
      "f": 1037185902,
      "l": 1037185904,
      "T": 1705272652742,
      "m": true
   },
   {
      "a": 403019329,
      "p": "0.53540",
      "q": "5331",
      "f": 1037185905,
      "l": 1037185920,
      "T": 1705272652904,
      "m": true
   },
   {
      "a": 403019330,
      "p": "0.53530",
      "q": "216",
      "f": 1037185921,
      "l": 1037185921,
      "T": 1705272656367,
      "m": true
   },
   {
      "a": 403019331,
      "p": "0.53530",
      "q": "471",
      "f": 1037185922,
      "l": 1037185922,
      "T": 1705272662461,
      "m": true
   },
   {
      "a": 403019332,
      "p": "0.53530",
      "q": "50",
      "f": 1037185923,
      "l": 1037185923,
      "T": 1705272662826,
      "m": true
   },
   {
      "a": 403019333,
      "p": "0.53540",
      "q": "8397",
      "f": 1037185924,
      "l": 1037185933,
      "T": 1705272662934,
      "m": false
   },
   {
      "a": 403019334,
      "p": "0.53540",
      "q": "657",
      "f": 1037185934,
      "l": 1037185935,
      "T": 1705272663106,
      "m": false
   },
   {
      "a": 403019335,
      "p": "0.53530",
      "q": "208",
      "f": 1037185936,
      "l": 1037185936,
      "T": 1705272664748,
      "m": true
   },
   {
      "a": 403019336,
      "p": "0.53530",
      "q": "2",
      "f": 1037185937,
      "l": 1037185937,
      "T": 1705272669753,
      "m": true
   },
   {
      "a": 403019337,
      "p": "0.53540",
      "q": "103",
      "f": 1037185938,
      "l": 1037185939,
      "T": 1705272672038,
      "m": false
   },
   {
      "a": 403019338,
      "p": "0.53530",
      "q": "4",
      "f": 1037185940,
      "l": 1037185940,
      "T": 1705272676013,
      "m": true
   },
   {
      "a": 403019339,
      "p": "0.53540",
      "q": "11678",
      "f": 1037185941,
      "l": 1037185966,
      "T": 1705272676464,
      "m": false
   },
   {
      "a": 403019340,
      "p": "0.53540",
      "q": "297",
      "f": 1037185967,
      "l": 1037185969,
      "T": 1705272676642,
      "m": false
   },
   {
      "a": 403019341,
      "p": "0.53540",
      "q": "15",
      "f": 1037185970,
      "l": 1037185970,
      "T": 1705272680142,
      "m": true
   },
   {
      "a": 403019342,
      "p": "0.53550",
      "q": "9046",
      "f": 1037185971,
      "l": 1037185992,
      "T": 1705272682842,
      "m": false
   },
   {
      "a": 403019343,
      "p": "0.53560",
      "q": "2885",
      "f": 1037185993,
      "l": 1037186000,
      "T": 1705272682915,
      "m": false
   },
   {
      "a": 403019344,
      "p": "0.53560",
      "q": "1870",
      "f": 1037186001,
      "l": 1037186002,
      "T": 1705272683075,
      "m": false
   },
   {
      "a": 403019345,
      "p": "0.53560",
      "q": "14",
      "f": 1037186003,
      "l": 1037186003,
      "T": 1705272683964,
      "m": true
   },
   {
      "a": 403019346,
      "p": "0.53560",
      "q": "74",
      "f": 1037186004,
      "l": 1037186004,
      "T": 1705272685157,
      "m": true
   },
   {
      "a": 403019347,
      "p": "0.53570",
      "q": "1488",
      "f": 1037186005,
      "l": 1037186005,
      "T": 1705272685220,
      "m": false
   },
   {
      "a": 403019348,
      "p": "0.53570",
      "q": "9000",
      "f": 1037186006,
      "l": 1037186020,
      "T": 1705272686091,
      "m": false
   },
   {
      "a": 403019349,
      "p": "0.53570",
      "q": "5916",
      "f": 1037186021,
      "l": 1037186026,
      "T": 1705272686142,
      "m": true
   },
   {
      "a": 403019350,
      "p": "0.53560",
      "q": "19325",
      "f": 1037186027,
      "l": 1037186045,
      "T": 1705272686146,
      "m": true
   },
   {
      "a": 403019351,
      "p": "0.53550",
      "q": "38654",
      "f": 1037186046,
      "l": 1037186061,
      "T": 1705272686146,
      "m": true
   },
   {
      "a": 403019352,
      "p": "0.53560",
      "q": "2451",
      "f": 1037186062,
      "l": 1037186062,
      "T": 1705272686151,
      "m": false
   },
   {
      "a": 403019353,
      "p": "0.53570",
      "q": "1901",
      "f": 1037186063,
      "l": 1037186067,
      "T": 1705272686964,
      "m": false
   },
   {
      "a": 403019354,
      "p": "0.53570",
      "q": "24",
      "f": 1037186068,
      "l": 1037186068,
      "T": 1705272688764,
      "m": true
   },
   {
      "a": 403019355,
      "p": "0.53580",
      "q": "6567",
      "f": 1037186069,
      "l": 1037186080,
      "T": 1705272693300,
      "m": false
   },
   {
      "a": 403019356,
      "p": "0.53590",
      "q": "2622",
      "f": 1037186081,
      "l": 1037186087,
      "T": 1705272693521,
      "m": false
   },
   {
      "a": 403019357,
      "p": "0.53590",
      "q": "67",
      "f": 1037186088,
      "l": 1037186090,
      "T": 1705272693574,
      "m": true
   },
   {
      "a": 403019358,
      "p": "0.53590",
      "q": "789",
      "f": 1037186091,
      "l": 1037186092,
      "T": 1705272693839,
      "m": true
   },
   {
      "a": 403019359,
      "p": "0.53600",
      "q": "10551",
      "f": 1037186093,
      "l": 1037186106,
      "T": 1705272694847,
      "m": false
   },
   {
      "a": 403019360,
      "p": "0.53600",
      "q": "1204",
      "f": 1037186107,
      "l": 1037186107,
      "T": 1705272695804,
      "m": true
   },
   {
      "a": 403019361,
      "p": "0.53610",
      "q": "549",
      "f": 1037186108,
      "l": 1037186115,
      "T": 1705272697486,
      "m": false
   },
   {
      "a": 403019362,
      "p": "0.53620",
      "q": "11",
      "f": 1037186116,
      "l": 1037186116,
      "T": 1705272698767,
      "m": false
   },
   {
      "a": 403019363,
      "p": "0.53620",
      "q": "7233",
      "f": 1037186117,
      "l": 1037186134,
      "T": 1705272699897,
      "m": false
   },
   {
      "a": 403019364,
      "p": "0.53620",
      "q": "1123",
      "f": 1037186135,
      "l": 1037186135,
      "T": 1705272701218,
      "m": false
   },
   {
      "a": 403019365,
      "p": "0.53620",
      "q": "28",
      "f": 1037186136,
      "l": 1037186136,
      "T": 1705272701588,
      "m": false
   },
   {
      "a": 403019366,
      "p": "0.53620",
      "q": "4258",
      "f": 1037186137,
      "l": 1037186139,
      "T": 1705272701774,
      "m": false
   },
   {
      "a": 403019367,
      "p": "0.53620",
      "q": "340",
      "f": 1037186140,
      "l": 1037186140,
      "T": 1705272702054,
      "m": false
   },
   {
      "a": 403019368,
      "p": "0.53620",
      "q": "40",
      "f": 1037186141,
      "l": 1037186141,
      "T": 1705272702768,
      "m": false
   },
   {
      "a": 403019369,
      "p": "0.53610",
      "q": "9520",
      "f": 1037186142,
      "l": 1037186155,
      "T": 1705272704127,
      "m": true
   },
   {
      "a": 403019370,
      "p": "0.53600",
      "q": "14",
      "f": 1037186156,
      "l": 1037186156,
      "T": 1705272706033,
      "m": true
   },
   {
      "a": 403019371,
      "p": "0.53610",
      "q": "4629",
      "f": 1037186157,
      "l": 1037186161,
      "T": 1705272706537,
      "m": false
   },
   {
      "a": 403019372,
      "p": "0.53600",
      "q": "11",
      "f": 1037186162,
      "l": 1037186162,
      "T": 1705272707190,
      "m": true
   },
   {
      "a": 403019373,
      "p": "0.53610",
      "q": "133",
      "f": 1037186163,
      "l": 1037186163,
      "T": 1705272709343,
      "m": false
   },
   {
      "a": 403019374,
      "p": "0.53610",
      "q": "1607",
      "f": 1037186164,
      "l": 1037186165,
      "T": 1705272709688,
      "m": false
   },
   {
      "a": 403019375,
      "p": "0.53610",
      "q": "352",
      "f": 1037186166,
      "l": 1037186166,
      "T": 1705272709959,
      "m": false
   },
   {
      "a": 403019376,
      "p": "0.53600",
      "q": "152",
      "f": 1037186167,
      "l": 1037186167,
      "T": 1705272710259,
      "m": true
   },
   {
      "a": 403019377,
      "p": "0.53610",
      "q": "30",
      "f": 1037186168,
      "l": 1037186168,
      "T": 1705272711778,
      "m": false
   },
   {
      "a": 403019378,
      "p": "0.53610",
      "q": "50",
      "f": 1037186169,
      "l": 1037186169,
      "T": 1705272712442,
      "m": false
   },
   {
      "a": 403019379,
      "p": "0.53600",
      "q": "5",
      "f": 1037186170,
      "l": 1037186170,
      "T": 1705272715913,
      "m": true
   },
   {
      "a": 403019380,
      "p": "0.53600",
      "q": "5",
      "f": 1037186171,
      "l": 1037186171,
      "T": 1705272717493,
      "m": true
   },
   {
      "a": 403019381,
      "p": "0.53610",
      "q": "217",
      "f": 1037186172,
      "l": 1037186172,
      "T": 1705272718150,
      "m": false
   },
   {
      "a": 403019382,
      "p": "0.53610",
      "q": "3725",
      "f": 1037186173,
      "l": 1037186173,
      "T": 1705272720312,
      "m": false
   },
   {
      "a": 403019383,
      "p": "0.53600",
      "q": "7",
      "f": 1037186174,
      "l": 1037186174,
      "T": 1705272722823,
      "m": true
   },
   {
      "a": 403019384,
      "p": "0.53600",
      "q": "55",
      "f": 1037186175,
      "l": 1037186175,
      "T": 1705272723624,
      "m": true
   },
   {
      "a": 403019385,
      "p": "0.53610",
      "q": "504",
      "f": 1037186176,
      "l": 1037186176,
      "T": 1705272725649,
      "m": false
   },
   {
      "a": 403019386,
      "p": "0.53610",
      "q": "10953",
      "f": 1037186177,
      "l": 1037186196,
      "T": 1705272727296,
      "m": false
   },
   {
      "a": 403019387,
      "p": "0.53610",
      "q": "538",
      "f": 1037186197,
      "l": 1037186198,
      "T": 1705272728376,
      "m": true
   },
   {
      "a": 403019388,
      "p": "0.53610",
      "q": "11",
      "f": 1037186199,
      "l": 1037186199,
      "T": 1705272732716,
      "m": true
   },
   {
      "a": 403019389,
      "p": "0.53610",
      "q": "15",
      "f": 1037186200,
      "l": 1037186200,
      "T": 1705272733891,
      "m": true
   },
   {
      "a": 403019390,
      "p": "0.53620",
      "q": "103",
      "f": 1037186201,
      "l": 1037186203,
      "T": 1705272734063,
      "m": false
   },
   {
      "a": 403019391,
      "p": "0.53610",
      "q": "2865",
      "f": 1037186204,
      "l": 1037186213,
      "T": 1705272734371,
      "m": true
   },
   {
      "a": 403019392,
      "p": "0.53610",
      "q": "137",
      "f": 1037186214,
      "l": 1037186215,
      "T": 1705272734376,
      "m": false
   },
   {
      "a": 403019393,
      "p": "0.53600",
      "q": "12478",
      "f": 1037186216,
      "l": 1037186231,
      "T": 1705272737465,
      "m": true
   },
   {
      "a": 403019394,
      "p": "0.53590",
      "q": "4414",
      "f": 1037186232,
      "l": 1037186241,
      "T": 1705272747146,
      "m": true
   },
   {
      "a": 403019395,
      "p": "0.53580",
      "q": "171",
      "f": 1037186242,
      "l": 1037186242,
      "T": 1705272749476,
      "m": true
   },
   {
      "a": 403019396,
      "p": "0.53590",
      "q": "155",
      "f": 1037186243,
      "l": 1037186243,
      "T": 1705272750147,
      "m": false
   },
   {
      "a": 403019397,
      "p": "0.53590",
      "q": "48",
      "f": 1037186244,
      "l": 1037186244,
      "T": 1705272752832,
      "m": false
   },
   {
      "a": 403019398,
      "p": "0.53580",
      "q": "6264",
      "f": 1037186245,
      "l": 1037186255,
      "T": 1705272753657,
      "m": true
   },
   {
      "a": 403019399,
      "p": "0.53580",
      "q": "4955",
      "f": 1037186256,
      "l": 1037186259,
      "T": 1705272753973,
      "m": false
   },
   {
      "a": 403019400,
      "p": "0.53570",
      "q": "5",
      "f": 1037186260,
      "l": 1037186260,
      "T": 1705272757728,
      "m": true
   },
   {
      "a": 403019401,
      "p": "0.53570",
      "q": "5868",
      "f": 1037186261,
      "l": 1037186271,
      "T": 1705272758046,
      "m": true
   },
   {
      "a": 403019402,
      "p": "0.53560",
      "q": "101",
      "f": 1037186272,
      "l": 1037186272,
      "T": 1705272759096,
      "m": true
   },
   {
      "a": 403019403,
      "p": "0.53560",
      "q": "14",
      "f": 1037186273,
      "l": 1037186273,
      "T": 1705272759906,
      "m": true
   },
   {
      "a": 403019404,
      "p": "0.53560",
      "q": "12185",
      "f": 1037186274,
      "l": 1037186286,
      "T": 1705272761175,
      "m": true
   },
   {
      "a": 403019405,
      "p": "0.53560",
      "q": "102",
      "f": 1037186287,
      "l": 1037186287,
      "T": 1705272761383,
      "m": false
   },
   {
      "a": 403019406,
      "p": "0.53550",
      "q": "4",
      "f": 1037186288,
      "l": 1037186288,
      "T": 1705272762080,
      "m": true
   },
   {
      "a": 403019407,
      "p": "0.53560",
      "q": "137",
      "f": 1037186289,
      "l": 1037186289,
      "T": 1705272762313,
      "m": false
   },
   {
      "a": 403019408,
      "p": "0.53550",
      "q": "18168",
      "f": 1037186290,
      "l": 1037186295,
      "T": 1705272763883,
      "m": true
   },
   {
      "a": 403019409,
      "p": "0.53560",
      "q": "102",
      "f": 1037186296,
      "l": 1037186296,
      "T": 1705272764423,
      "m": false
   },
   {
      "a": 403019410,
      "p": "0.53560",
      "q": "18",
      "f": 1037186297,
      "l": 1037186297,
      "T": 1705272765204,
      "m": false
   },
   {
      "a": 403019411,
      "p": "0.53560",
      "q": "102",
      "f": 1037186298,
      "l": 1037186298,
      "T": 1705272765433,
      "m": false
   },
   {
      "a": 403019412,
      "p": "0.53550",
      "q": "35328",
      "f": 1037186299,
      "l": 1037186307,
      "T": 1705272766442,
      "m": true
   },
   {
      "a": 403019413,
      "p": "0.53540",
      "q": "12",
      "f": 1037186308,
      "l": 1037186308,
      "T": 1705272766626,
      "m": true
   },
   {
      "a": 403019414,
      "p": "0.53550",
      "q": "100",
      "f": 1037186309,
      "l": 1037186309,
      "T": 1705272768098,
      "m": false
   },
   {
      "a": 403019415,
      "p": "0.53550",
      "q": "96",
      "f": 1037186310,
      "l": 1037186310,
      "T": 1705272768471,
      "m": false
   },
   {
      "a": 403019416,
      "p": "0.53550",
      "q": "5710",
      "f": 1037186311,
      "l": 1037186319,
      "T": 1705272768973,
      "m": false
   },
   {
      "a": 403019417,
      "p": "0.53540",
      "q": "2440",
      "f": 1037186320,
      "l": 1037186324,
      "T": 1705272770294,
      "m": true
   },
   {
      "a": 403019418,
      "p": "0.53530",
      "q": "464",
      "f": 1037186325,
      "l": 1037186326,
      "T": 1705272771679,
      "m": true
   },
   {
      "a": 403019419,
      "p": "0.53530",
      "q": "1202",
      "f": 1037186327,
      "l": 1037186330,
      "T": 1705272773022,
      "m": true
   },
   {
      "a": 403019420,
      "p": "0.53520",
      "q": "17466",
      "f": 1037186331,
      "l": 1037186347,
      "T": 1705272773022,
      "m": true
   },
   {
      "a": 403019421,
      "p": "0.53510",
      "q": "10",
      "f": 1037186348,
      "l": 1037186348,
      "T": 1705272775308,
      "m": true
   },
   {
      "a": 403019422,
      "p": "0.53510",
      "q": "1123",
      "f": 1037186349,
      "l": 1037186355,
      "T": 1705272777300,
      "m": true
   },
   {
      "a": 403019423,
      "p": "0.53520",
      "q": "4523",
      "f": 1037186356,
      "l": 1037186362,
      "T": 1705272777748,
      "m": false
   },
   {
      "a": 403019424,
      "p": "0.53510",
      "q": "182",
      "f": 1037186363,
      "l": 1037186363,
      "T": 1705272778747,
      "m": true
   },
   {
      "a": 403019425,
      "p": "0.53510",
      "q": "1899",
      "f": 1037186364,
      "l": 1037186370,
      "T": 1705272778861,
      "m": true
   },
   {
      "a": 403019426,
      "p": "0.53510",
      "q": "115",
      "f": 1037186371,
      "l": 1037186371,
      "T": 1705272779391,
      "m": false
   },
   {
      "a": 403019427,
      "p": "0.53500",
      "q": "390",
      "f": 1037186372,
      "l": 1037186376,
      "T": 1705272779437,
      "m": true
   },
   {
      "a": 403019428,
      "p": "0.53510",
      "q": "586",
      "f": 1037186377,
      "l": 1037186377,
      "T": 1705272780251,
      "m": false
   },
   {
      "a": 403019429,
      "p": "0.53500",
      "q": "5517",
      "f": 1037186378,
      "l": 1037186388,
      "T": 1705272780359,
      "m": true
   },
   {
      "a": 403019430,
      "p": "0.53490",
      "q": "10221",
      "f": 1037186389,
      "l": 1037186398,
      "T": 1705272782063,
      "m": true
   },
   {
      "a": 403019431,
      "p": "0.53490",
      "q": "683",
      "f": 1037186399,
      "l": 1037186401,
      "T": 1705272783638,
      "m": false
   },
   {
      "a": 403019432,
      "p": "0.53480",
      "q": "1824",
      "f": 1037186402,
      "l": 1037186404,
      "T": 1705272784021,
      "m": true
   },
   {
      "a": 403019433,
      "p": "0.53480",
      "q": "2268",
      "f": 1037186405,
      "l": 1037186410,
      "T": 1705272785093,
      "m": true
   },
   {
      "a": 403019434,
      "p": "0.53480",
      "q": "57",
      "f": 1037186411,
      "l": 1037186411,
      "T": 1705272786996,
      "m": false
   },
   {
      "a": 403019435,
      "p": "0.53480",
      "q": "234",
      "f": 1037186412,
      "l": 1037186412,
      "T": 1705272787851,
      "m": false
   },
   {
      "a": 403019436,
      "p": "0.53480",
      "q": "6950",
      "f": 1037186413,
      "l": 1037186416,
      "T": 1705272788973,
      "m": false
   },
   {
      "a": 403019437,
      "p": "0.53480",
      "q": "15899",
      "f": 1037186417,
      "l": 1037186442,
      "T": 1705272791784,
      "m": false
   },
   {
      "a": 403019438,
      "p": "0.53480",
      "q": "963",
      "f": 1037186443,
      "l": 1037186443,
      "T": 1705272792445,
      "m": true
   },
   {
      "a": 403019439,
      "p": "0.53480",
      "q": "934",
      "f": 1037186444,
      "l": 1037186446,
      "T": 1705272794091,
      "m": true
   },
   {
      "a": 403019440,
      "p": "0.53490",
      "q": "85",
      "f": 1037186447,
      "l": 1037186447,
      "T": 1705272794121,
      "m": false
   },
   {
      "a": 403019441,
      "p": "0.53490",
      "q": "82",
      "f": 1037186448,
      "l": 1037186448,
      "T": 1705272794319,
      "m": false
   },
   {
      "a": 403019442,
      "p": "0.53490",
      "q": "5961",
      "f": 1037186449,
      "l": 1037186455,
      "T": 1705272795230,
      "m": false
   },
   {
      "a": 403019443,
      "p": "0.53490",
      "q": "78",
      "f": 1037186456,
      "l": 1037186456,
      "T": 1705272796321,
      "m": true
   },
   {
      "a": 403019444,
      "p": "0.53490",
      "q": "51",
      "f": 1037186457,
      "l": 1037186459,
      "T": 1705272799935,
      "m": false
   },
   {
      "a": 403019445,
      "p": "0.53500",
      "q": "10839",
      "f": 1037186460,
      "l": 1037186469,
      "T": 1705272799935,
      "m": false
   },
   {
      "a": 403019446,
      "p": "0.53510",
      "q": "17479",
      "f": 1037186470,
      "l": 1037186484,
      "T": 1705272799935,
      "m": false
   },
   {
      "a": 403019447,
      "p": "0.53510",
      "q": "1012",
      "f": 1037186485,
      "l": 1037186486,
      "T": 1705272800055,
      "m": false
   },
   {
      "a": 403019448,
      "p": "0.53520",
      "q": "185",
      "f": 1037186487,
      "l": 1037186487,
      "T": 1705272800550,
      "m": false
   },
   {
      "a": 403019449,
      "p": "0.53510",
      "q": "5",
      "f": 1037186488,
      "l": 1037186488,
      "T": 1705272801226,
      "m": true
   },
   {
      "a": 403019450,
      "p": "0.53520",
      "q": "2228",
      "f": 1037186489,
      "l": 1037186491,
      "T": 1705272801355,
      "m": false
   },
   {
      "a": 403019451,
      "p": "0.53520",
      "q": "185",
      "f": 1037186492,
      "l": 1037186492,
      "T": 1705272805288,
      "m": false
   },
   {
      "a": 403019452,
      "p": "0.53520",
      "q": "1868",
      "f": 1037186493,
      "l": 1037186496,
      "T": 1705272806844,
      "m": false
   },
   {
      "a": 403019453,
      "p": "0.53520",
      "q": "22057",
      "f": 1037186497,
      "l": 1037186546,
      "T": 1705272807215,
      "m": false
   },
   {
      "a": 403019454,
      "p": "0.53530",
      "q": "21735",
      "f": 1037186547,
      "l": 1037186612,
      "T": 1705272807220,
      "m": false
   },
   {
      "a": 403019455,
      "p": "0.53540",
      "q": "19655",
      "f": 1037186613,
      "l": 1037186662,
      "T": 1705272807230,
      "m": false
   },
   {
      "a": 403019456,
      "p": "0.53530",
      "q": "4471",
      "f": 1037186663,
      "l": 1037186668,
      "T": 1705272807239,
      "m": true
   },
   {
      "a": 403019457,
      "p": "0.53540",
      "q": "6462",
      "f": 1037186669,
      "l": 1037186690,
      "T": 1705272807239,
      "m": false
   },
   {
      "a": 403019458,
      "p": "0.53530",
      "q": "2310",
      "f": 1037186691,
      "l": 1037186699,
      "T": 1705272807241,
      "m": false
   },
   {
      "a": 403019459,
      "p": "0.53540",
      "q": "12623",
      "f": 1037186700,
      "l": 1037186730,
      "T": 1705272807242,
      "m": false
   },
   {
      "a": 403019460,
      "p": "0.53550",
      "q": "9347",
      "f": 1037186731,
      "l": 1037186751,
      "T": 1705272807250,
      "m": false
   },
   {
      "a": 403019461,
      "p": "0.53540",
      "q": "3928",
      "f": 1037186752,
      "l": 1037186753,
      "T": 1705272807256,
      "m": true
   },
   {
      "a": 403019462,
      "p": "0.53530",
      "q": "14",
      "f": 1037186754,
      "l": 1037186754,
      "T": 1705272807283,
      "m": true
   },
   {
      "a": 403019463,
      "p": "0.53530",
      "q": "6335",
      "f": 1037186755,
      "l": 1037186762,
      "T": 1705272807630,
      "m": true
   },
   {
      "a": 403019464,
      "p": "0.53520",
      "q": "28228",
      "f": 1037186763,
      "l": 1037186784,
      "T": 1705272807630,
      "m": true
   },
   {
      "a": 403019465,
      "p": "0.53530",
      "q": "33",
      "f": 1037186785,
      "l": 1037186785,
      "T": 1705272807925,
      "m": false
   },
   {
      "a": 403019466,
      "p": "0.53520",
      "q": "14",
      "f": 1037186786,
      "l": 1037186786,
      "T": 1705272808611,
      "m": true
   },
   {
      "a": 403019467,
      "p": "0.53520",
      "q": "5",
      "f": 1037186787,
      "l": 1037186787,
      "T": 1705272809503,
      "m": true
   },
   {
      "a": 403019468,
      "p": "0.53520",
      "q": "373",
      "f": 1037186788,
      "l": 1037186788,
      "T": 1705272809660,
      "m": true
   },
   {
      "a": 403019469,
      "p": "0.53530",
      "q": "185",
      "f": 1037186789,
      "l": 1037186789,
      "T": 1705272810041,
      "m": false
   },
   {
      "a": 403019470,
      "p": "0.53520",
      "q": "101",
      "f": 1037186790,
      "l": 1037186790,
      "T": 1705272810111,
      "m": true
   },
   {
      "a": 403019471,
      "p": "0.53520",
      "q": "373",
      "f": 1037186791,
      "l": 1037186792,
      "T": 1705272811145,
      "m": true
   },
   {
      "a": 403019472,
      "p": "0.53530",
      "q": "1856",
      "f": 1037186793,
      "l": 1037186793,
      "T": 1705272813973,
      "m": false
   },
   {
      "a": 403019473,
      "p": "0.53530",
      "q": "166",
      "f": 1037186794,
      "l": 1037186794,
      "T": 1705272814775,
      "m": false
   },
   {
      "a": 403019474,
      "p": "0.53530",
      "q": "74",
      "f": 1037186795,
      "l": 1037186795,
      "T": 1705272815366,
      "m": false
   },
   {
      "a": 403019475,
      "p": "0.53520",
      "q": "10",
      "f": 1037186796,
      "l": 1037186796,
      "T": 1705272816620,
      "m": true
   },
   {
      "a": 403019476,
      "p": "0.53520",
      "q": "1843",
      "f": 1037186797,
      "l": 1037186803,
      "T": 1705272822234,
      "m": true
   },
   {
      "a": 403019477,
      "p": "0.53510",
      "q": "1860",
      "f": 1037186804,
      "l": 1037186804,
      "T": 1705272822278,
      "m": true
   },
   {
      "a": 403019478,
      "p": "0.53510",
      "q": "120",
      "f": 1037186805,
      "l": 1037186805,
      "T": 1705272822489,
      "m": true
   },
   {
      "a": 403019479,
      "p": "0.53510",
      "q": "1444",
      "f": 1037186806,
      "l": 1037186807,
      "T": 1705272824052,
      "m": true
   },
   {
      "a": 403019480,
      "p": "0.53510",
      "q": "94",
      "f": 1037186808,
      "l": 1037186808,
      "T": 1705272824074,
      "m": false
   },
   {
      "a": 403019481,
      "p": "0.53500",
      "q": "293",
      "f": 1037186809,
      "l": 1037186809,
      "T": 1705272830252,
      "m": true
   },
   {
      "a": 403019482,
      "p": "0.53500",
      "q": "3368",
      "f": 1037186810,
      "l": 1037186814,
      "T": 1705272832965,
      "m": true
   }
]