[
   {
      "id": 1041932930,
      "price": "0.47300",
      "qty": "817",
      "quoteQty": "386.44100",
      "time": 1706088799172,
      "isBuyerMaker": false
   },
   {
      "id": 1041932931,
      "price": "0.47300",
      "qty": "816",
      "quoteQty": "385.96800",
      "time": 1706088799172,
      "isBuyerMaker": false
   },
   {
      "id": 1041932932,
      "price": "0.47300",
      "qty": "136",
      "quoteQty": "64.32800",
      "time": 1706088799172,
      "isBuyerMaker": false
   },
   {
      "id": 1041932933,
      "price": "0.47300",
      "qty": "497",
      "quoteQty": "235.08100",
      "time": 1706088799172,
      "isBuyerMaker": false
   },
   {
      "id": 1041932934,
      "price": "0.47300",
      "qty": "1054",
      "quoteQty": "498.54200",
      "time": 1706088799172,
      "isBuyerMaker": false
   },
   {
      "id": 1041932935,
      "price": "0.47300",
      "qty": "984",
      "quoteQty": "465.43200",
      "time": 1706088799172,
      "isBuyerMaker": false
   },
   {
      "id": 1041932936,
      "price": "0.47300",
      "qty": "1500",
      "quoteQty": "709.50000",
      "time": 1706088799172,
      "isBuyerMaker": false
   },
   {
      "id": 1041932937,
      "price": "0.47300",
      "qty": "2000",
      "quoteQty": "946.00000",
      "time": 1706088799172,
      "isBuyerMaker": false
   },
   {
      "id": 1041932938,
      "price": "0.47300",
      "qty": "612",
      "quoteQty": "289.47600",
      "time": 1706088799172,
      "isBuyerMaker": false
   },
   {
      "id": 1041932939,
      "price": "0.47300",
      "qty": "272",
      "quoteQty": "128.65600",
      "time": 1706088799172,
      "isBuyerMaker": false
   },
   {
      "id": 1041932940,
      "price": "0.47300",
      "qty": "19058",
      "quoteQty": "9014.43400",
      "time": 1706088799172,
      "isBuyerMaker": false
   },
   {
      "id": 1041932941,
      "price": "0.47300",
      "qty": "128",
      "quoteQty": "60.54400",
      "time": 1706088799172,
      "isBuyerMaker": false
   },
   {
      "id": 1041932942,
      "price": "0.47300",
      "qty": "169",
      "quoteQty": "79.93700",
      "time": 1706088799172,
      "isBuyerMaker": false
   },
   {
      "id": 1041932943,
      "price": "0.47300",
      "qty": "638",
      "quoteQty": "301.77400",
      "time": 1706088799172,
      "isBuyerMaker": false
   },
   {
      "id": 1041932944,
      "price": "0.47300",
      "qty": "500",
      "quoteQty": "236.50000",
      "time": 1706088799172,
      "isBuyerMaker": false
   },
   {
      "id": 1041932945,
      "price": "0.47300",
      "qty": "12",
      "quoteQty": "5.67600",
      "time": 1706088799172,
      "isBuyerMaker": false
   },
   {
      "id": 1041932946,
      "price": "0.47300",
      "qty": "34",
      "quoteQty": "16.08200",
      "time": 1706088799172,
      "isBuyerMaker": false
   },
   {
      "id": 1041932947,
      "price": "0.47310",
      "qty": "106",
      "quoteQty": "50.14860",
      "time": 1706088799172,
      "isBuyerMaker": false
   },
   {
      "id": 1041932948,
      "price": "0.47310",
      "qty": "576",
      "quoteQty": "272.50560",
      "time": 1706088799172,
      "isBuyerMaker": false
   },
   {
      "id": 1041932949,
      "price": "0.47310",
      "qty": "408",
      "quoteQty": "193.02480",
      "time": 1706088799172,
      "isBuyerMaker": false
   },
   {
      "id": 1041932950,
      "price": "0.47310",
      "qty": "510",
      "quoteQty": "241.28100",
      "time": 1706088799172,
      "isBuyerMaker": false
   },
   {
      "id": 1041932951,
      "price": "0.47310",
      "qty": "306",
      "quoteQty": "144.76860",
      "time": 1706088799172,
      "isBuyerMaker": false
   },
   {
      "id": 1041932952,
      "price": "0.47310",
      "qty": "2894",
      "quoteQty": "1369.15140",
      "time": 1706088799172,
      "isBuyerMaker": false
   },
   {
      "id": 1041932953,
      "price": "0.47310",
      "qty": "408",
      "quoteQty": "193.02480",
      "time": 1706088799173,
      "isBuyerMaker": false
   },
   {
      "id": 1041932954,
      "price": "0.47310",
      "qty": "2272",
      "quoteQty": "1074.88320",
      "time": 1706088799173,
      "isBuyerMaker": false
   },
   {
      "id": 1041932955,
      "price": "0.47310",
      "qty": "13",
      "quoteQty": "6.15030",
      "time": 1706088799173,
      "isBuyerMaker": false
   },
   {
      "id": 1041932956,
      "price": "0.47310",
      "qty": "11",
      "quoteQty": "5.20410",
      "time": 1706088799173,
      "isBuyerMaker": false
   },
   {
      "id": 1041932957,
      "price": "0.47310",
      "qty": "21",
      "quoteQty": "9.93510",
      "time": 1706088799173,
      "isBuyerMaker": false
   },
   {
      "id": 1041932958,
      "price": "0.47310",
      "qty": "364",
      "quoteQty": "172.20840",
      "time": 1706088799173,
      "isBuyerMaker": false
   },
   {
      "id": 1041932959,
      "price": "0.47310",
      "qty": "370",
      "quoteQty": "175.04700",
      "time": 1706088799173,
      "isBuyerMaker": false
   },
   {
      "id": 1041932960,
      "price": "0.47310",
      "qty": "364",
      "quoteQty": "172.20840",
      "time": 1706088799173,
      "isBuyerMaker": false
   },
   {
      "id": 1041932961,
      "price": "0.47310",
      "qty": "169",
      "quoteQty": "79.95390",
      "time": 1706088799173,
      "isBuyerMaker": false
   },
   {
      "id": 1041932962,
      "price": "0.47310",
      "qty": "513",
      "quoteQty": "242.70030",
      "time": 1706088799173,
      "isBuyerMaker": false
   },
   {
      "id": 1041932963,
      "price": "0.47310",
      "qty": "2071",
      "quoteQty": "979.79010",
      "time": 1706088799173,
      "isBuyerMaker": false
   },
   {
      "id": 1041932964,
      "price": "0.47310",
      "qty": "18",
      "quoteQty": "8.51580",
      "time": 1706088799173,
      "isBuyerMaker": false
   },
   {
      "id": 1041932965,
      "price": "0.47310",
      "qty": "658",
      "quoteQty": "311.29980",
      "time": 1706088799173,
      "isBuyerMaker": false
   },
   {
      "id": 1041932966,
      "price": "0.47310",
      "qty": "44",
      "quoteQty": "20.81640",
      "time": 1706088799173,
      "isBuyerMaker": false
   },
   {
      "id": 1041932967,
      "price": "0.47310",
      "qty": "1056",
      "quoteQty": "499.59360",
      "time": 1706088799173,
      "isBuyerMaker": false
   },
   {
      "id": 1041932968,
      "price": "0.47310",
      "qty": "422",
      "quoteQty": "199.64820",
      "time": 1706088799173,
      "isBuyerMaker": false
   },
   {
      "id": 1041932969,
      "price": "0.47310",
      "qty": "6997",
      "quoteQty": "3310.28070",
      "time": 1706088799173,
      "isBuyerMaker": false
   },
   {
      "id": 1041932970,
      "price": "0.47310",
      "qty": "3808",
      "quoteQty": "1801.56480",
      "time": 1706088799173,
      "isBuyerMaker": false
   },
   {
      "id": 1041932971,
      "price": "0.47320",
      "qty": "2272",
      "quoteQty": "1075.11040",
      "time": 1706088799174,
      "isBuyerMaker": false
   },
   {
      "id": 1041932972,
      "price": "0.47320",
      "qty": "649",
      "quoteQty": "307.10680",
      "time": 1706088799174,
      "isBuyerMaker": false
   },
   {
      "id": 1041932973,
      "price": "0.47320",
      "qty": "11",
      "quoteQty": "5.20520",
      "time": 1706088799174,
      "isBuyerMaker": false
   },
   {
      "id": 1041932974,
      "price": "0.47320",
      "qty": "13",
      "quoteQty": "6.15160",
      "time": 1706088799174,
      "isBuyerMaker": false
   },
   {
      "id": 1041932975,
      "price": "0.47320",
      "qty": "1655",
      "quoteQty": "783.14600",
      "time": 1706088799174,
      "isBuyerMaker": false
   },
   {
      "id": 1041932976,
      "price": "0.47320",
      "qty": "175",
      "quoteQty": "82.81000",
      "time": 1706088799174,
      "isBuyerMaker": false
   },
   {
      "id": 1041932977,
      "price": "0.47320",
      "qty": "2114",
      "quoteQty": "1000.34480",
      "time": 1706088799174,
      "isBuyerMaker": false
   },
   {
      "id": 1041932978,
      "price": "0.47320",
      "qty": "6773",
      "quoteQty": "3204.98360",
      "time": 1706088799174,
      "isBuyerMaker": false
   },
   {
      "id": 1041932979,
      "price": "0.47320",
      "qty": "11",
      "quoteQty": "5.20520",
      "time": 1706088799174,
      "isBuyerMaker": false
   },
   {
      "id": 1041932980,
      "price": "0.47320",
      "qty": "369",
      "quoteQty": "174.61080",
      "time": 1706088799174,
      "isBuyerMaker": false
   },
   {
      "id": 1041932981,
      "price": "0.47320",
      "qty": "1721",
      "quoteQty": "814.37720",
      "time": 1706088799174,
      "isBuyerMaker": false
   },
   {
      "id": 1041932982,
      "price": "0.47320",
      "qty": "2983",
      "quoteQty": "1411.55560",
      "time": 1706088799174,
      "isBuyerMaker": false
   },
   {
      "id": 1041932983,
      "price": "0.47320",
      "qty": "11",
      "quoteQty": "5.20520",
      "time": 1706088799174,
      "isBuyerMaker": false
   },
   {
      "id": 1041932984,
      "price": "0.47320",
      "qty": "10538",
      "quoteQty": "4986.58160",
      "time": 1706088799174,
      "isBuyerMaker": false
   },
   {
      "id": 1041932985,
      "price": "0.47320",
      "qty": "8459",
      "quoteQty": "4002.79880",
      "time": 1706088799174,
      "isBuyerMaker": false
   },
   {
      "id": 1041932986,
      "price": "0.47320",
      "qty": "3460",
      "quoteQty": "1637.27200",
      "time": 1706088799174,
      "isBuyerMaker": false
   },
   {
      "id": 1041932987,
      "price": "0.47320",
      "qty": "191",
      "quoteQty": "90.38120",
      "time": 1706088799174,
      "isBuyerMaker": false
   },
   {
      "id": 1041932988,
      "price": "0.47320",
      "qty": "1056",
      "quoteQty": "499.69920",
      "time": 1706088799186,
      "isBuyerMaker": false
   },
   {
      "id": 1041932989,
      "price": "0.47320",
      "qty": "2000",
      "quoteQty": "946.40000",
      "time": 1706088799221,
      "isBuyerMaker": false
   },
   {
      "id": 1041932990,
      "price": "0.47320",
      "qty": "122",
      "quoteQty": "57.73040",
      "time": 1706088799236,
      "isBuyerMaker": false
   },
   {
      "id": 1041932991,
      "price": "0.47330",
      "qty": "1706",
      "quoteQty": "807.44980",
      "time": 1706088799335,
      "isBuyerMaker": false
   },
   {
      "id": 1041932992,
      "price": "0.47330",
      "qty": "200",
      "quoteQty": "94.66000",
      "time": 1706088799431,
      "isBuyerMaker": false
   },
   {
      "id": 1041932993,
      "price": "0.47330",
      "qty": "144",
      "quoteQty": "68.15520",
      "time": 1706088799487,
      "isBuyerMaker": false
   },
   {
      "id": 1041932994,
      "price": "0.47330",
      "qty": "1110",
      "quoteQty": "525.36300",
      "time": 1706088799487,
      "isBuyerMaker": false
   },
   {
      "id": 1041932995,
      "price": "0.47330",
      "qty": "2",
      "quoteQty": "0.94660",
      "time": 1706088799565,
      "isBuyerMaker": false
   },
   {
      "id": 1041932996,
      "price": "0.47320",
      "qty": "147",
      "quoteQty": "69.56040",
      "time": 1706088799710,
      "isBuyerMaker": true
   },
   {
      "id": 1041932997,
      "price": "0.47320",
      "qty": "2074",
      "quoteQty": "981.41680",
      "time": 1706088799710,
      "isBuyerMaker": true
   },
   {
      "id": 1041932998,
      "price": "0.47320",
      "qty": "989",
      "quoteQty": "467.99480",
      "time": 1706088799710,
      "isBuyerMaker": true
   },
   {
      "id": 1041932999,
      "price": "0.47330",
      "qty": "1160",
      "quoteQty": "549.02800",
      "time": 1706088800292,
      "isBuyerMaker": false
   },
   {
      "id": 1041933000,
      "price": "0.47330",
      "qty": "288",
      "quoteQty": "136.31040",
      "time": 1706088800292,
      "isBuyerMaker": false
   },
   {
      "id": 1041933001,
      "price": "0.47330",
      "qty": "369",
      "quoteQty": "174.64770",
      "time": 1706088800292,
      "isBuyerMaker": false
   },
   {
      "id": 1041933002,
      "price": "0.47330",
      "qty": "13",
      "quoteQty": "6.15290",
      "time": 1706088800292,
      "isBuyerMaker": false
   },
   {
      "id": 1041933003,
      "price": "0.47330",
      "qty": "263",
      "quoteQty": "124.47790",
      "time": 1706088800292,
      "isBuyerMaker": false
   },
   {
      "id": 1041933004,
      "price": "0.47330",
      "qty": "513",
      "quoteQty": "242.80290",
      "time": 1706088800292,
      "isBuyerMaker": false
   },
   {
      "id": 1041933005,
      "price": "0.47330",
      "qty": "169",
      "quoteQty": "79.98770",
      "time": 1706088800292,
      "isBuyerMaker": false
   },
   {
      "id": 1041933006,
      "price": "0.47330",
      "qty": "887",
      "quoteQty": "419.81710",
      "time": 1706088800292,
      "isBuyerMaker": false
   },
   {
      "id": 1041933007,
      "price": "0.47330",
      "qty": "12",
      "quoteQty": "5.67960",
      "time": 1706088800292,
      "isBuyerMaker": false
   },
   {
      "id": 1041933008,
      "price": "0.47330",
      "qty": "920",
      "quoteQty": "435.43600",
      "time": 1706088800292,
      "isBuyerMaker": false
   },
   {
      "id": 1041933009,
      "price": "0.47330",
      "qty": "21",
      "quoteQty": "9.93930",
      "time": 1706088800292,
      "isBuyerMaker": false
   },
   {
      "id": 1041933010,
      "price": "0.47330",
      "qty": "24",
      "quoteQty": "11.35920",
      "time": 1706088800292,
      "isBuyerMaker": false
   },
   {
      "id": 1041933011,
      "price": "0.47330",
      "qty": "21",
      "quoteQty": "9.93930",
      "time": 1706088801215,
      "isBuyerMaker": true
   },
   {
      "id": 1041933012,
      "price": "0.47340",
      "qty": "1692",
      "quoteQty": "800.99280",
      "time": 1706088801487,
      "isBuyerMaker": false
   },
   {
      "id": 1041933013,
      "price": "0.47340",
      "qty": "369",
      "quoteQty": "174.68460",
      "time": 1706088801487,
      "isBuyerMaker": false
   },
   {
      "id": 1041933014,
      "price": "0.47340",
      "qty": "290",
      "quoteQty": "137.28600",
      "time": 1706088801487,
      "isBuyerMaker": false
   },
   {
      "id": 1041933015,
      "price": "0.47340",
      "qty": "488",
      "quoteQty": "231.01920",
      "time": 1706088801487,
      "isBuyerMaker": false
   },
   {
      "id": 1041933016,
      "price": "0.47340",
      "qty": "111",
      "quoteQty": "52.54740",
      "time": 1706088801487,
      "isBuyerMaker": false
   },
   {
      "id": 1041933017,
      "price": "0.47340",
      "qty": "6733",
      "quoteQty": "3187.40220",
      "time": 1706088801487,
      "isBuyerMaker": false
   },
   {
      "id": 1041933018,
      "price": "0.47340",
      "qty": "3908",
      "quoteQty": "1850.04720",
      "time": 1706088801490,
      "isBuyerMaker": false
   },
   {
      "id": 1041933019,
      "price": "0.47340",
      "qty": "19309",
      "quoteQty": "9140.88060",
      "time": 1706088801490,
      "isBuyerMaker": false
   },
   {
      "id": 1041933020,
      "price": "0.47340",
      "qty": "1000",
      "quoteQty": "473.40000",
      "time": 1706088801490,
      "isBuyerMaker": false
   },
   {
      "id": 1041933021,
      "price": "0.47340",
      "qty": "623",
      "quoteQty": "294.92820",
      "time": 1706088801490,
      "isBuyerMaker": false
   },
   {
      "id": 1041933022,
      "price": "0.47340",
      "qty": "220",
      "quoteQty": "104.14800",
      "time": 1706088801490,
      "isBuyerMaker": false
   },
   {
      "id": 1041933023,
      "price": "0.47340",
      "qty": "480",
      "quoteQty": "227.23200",
      "time": 1706088801490,
      "isBuyerMaker": false
   },
   {
      "id": 1041933024,
      "price": "0.47340",
      "qty": "91",
      "quoteQty": "43.07940",
      "time": 1706088801490,
      "isBuyerMaker": false
   },
   {
      "id": 1041933025,
      "price": "0.47340",
      "qty": "21",
      "quoteQty": "9.94140",
      "time": 1706088801490,
      "isBuyerMaker": false
   },
   {
      "id": 1041933026,
      "price": "0.47340",
      "qty": "11",
      "quoteQty": "5.20740",
      "time": 1706088801490,
      "isBuyerMaker": false
   },
   {
      "id": 1041933027,
      "price": "0.47340",
      "qty": "95",
      "quoteQty": "44.97300",
      "time": 1706088801490,
      "isBuyerMaker": false
   },
   {
      "id": 1041933028,
      "price": "0.47340",
      "qty": "13",
      "quoteQty": "6.15420",
      "time": 1706088801490,
      "isBuyerMaker": false
   },
   {
      "id": 1041933029,
      "price": "0.47340",
      "qty": "426",
      "quoteQty": "201.66840",
      "time": 1706088801490,
      "isBuyerMaker": false
   },
   {
      "id": 1041933030,
      "price": "0.47340",
      "qty": "169",
      "quoteQty": "80.00460",
      "time": 1706088801490,
      "isBuyerMaker": false
   },
   {
      "id": 1041933031,
      "price": "0.47340",
      "qty": "1448",
      "quoteQty": "685.48320",
      "time": 1706088801490,
      "isBuyerMaker": false
   },
   {
      "id": 1041933032,
      "price": "0.47340",
      "qty": "745",
      "quoteQty": "352.68300",
      "time": 1706088801490,
      "isBuyerMaker": false
   },
   {
      "id": 1041933033,
      "price": "0.47340",
      "qty": "21",
      "quoteQty": "9.94140",
      "time": 1706088801490,
      "isBuyerMaker": false
   },
   {
      "id": 1041933034,
      "price": "0.47340",
      "qty": "76",
      "quoteQty": "35.97840",
      "time": 1706088801490,
      "isBuyerMaker": false
   },
   {
      "id": 1041933035,
      "price": "0.47340",
      "qty": "97",
      "quoteQty": "45.91980",
      "time": 1706088801490,
      "isBuyerMaker": false
   },
   {
      "id": 1041933036,
      "price": "0.47350",
      "qty": "1276",
      "quoteQty": "604.18600",
      "time": 1706088801579,
      "isBuyerMaker": false
   },
   {
      "id": 1041933037,
      "price": "0.47350",
      "qty": "16",
      "quoteQty": "7.57600",
      "time": 1706088801804,
      "isBuyerMaker": false
   },
   {
      "id": 1041933038,
      "price": "0.47350",
      "qty": "275",
      "quoteQty": "130.21250",
      "time": 1706088802550,
      "isBuyerMaker": false
   },
   {
      "id": 1041933039,
      "price": "0.47350",
      "qty": "1600",
      "quoteQty": "757.60000",
      "time": 1706088802550,
      "isBuyerMaker": false
   },
   {
      "id": 1041933040,
      "price": "0.47340",
      "qty": "816",
      "quoteQty": "386.29440",
      "time": 1706088802583,
      "isBuyerMaker": true
   },
   {
      "id": 1041933041,
      "price": "0.47340",
      "qty": "259",
      "quoteQty": "122.61060",
      "time": 1706088802583,
      "isBuyerMaker": true
   },
   {
      "id": 1041933042,
      "price": "0.47350",
      "qty": "3200",
      "quoteQty": "1515.20000",
      "time": 1706088802893,
      "isBuyerMaker": false
   },
   {
      "id": 1041933043,
      "price": "0.47350",
      "qty": "1600",
      "quoteQty": "757.60000",
      "time": 1706088802894,
      "isBuyerMaker": false
   },
   {
      "id": 1041933044,
      "price": "0.47350",
      "qty": "370",
      "quoteQty": "175.19500",
      "time": 1706088803831,
      "isBuyerMaker": false
   },
   {
      "id": 1041933045,
      "price": "0.47350",
      "qty": "14",
      "quoteQty": "6.62900",
      "time": 1706088803831,
      "isBuyerMaker": false
   },
   {
      "id": 1041933046,
      "price": "0.47340",
      "qty": "149",
      "quoteQty": "70.53660",
      "time": 1706088803928,
      "isBuyerMaker": true
   },
   {
      "id": 1041933047,
      "price": "0.47340",
      "qty": "171",
      "quoteQty": "80.95140",
      "time": 1706088803928,
      "isBuyerMaker": true
   },
   {
      "id": 1041933048,
      "price": "0.47340",
      "qty": "645",
      "quoteQty": "305.34300",
      "time": 1706088804529,
      "isBuyerMaker": true
   },
   {
      "id": 1041933049,
      "price": "0.47340",
      "qty": "816",
      "quoteQty": "386.29440",
      "time": 1706088804529,
      "isBuyerMaker": true
   },
   {
      "id": 1041933050,
      "price": "0.47340",
      "qty": "564",
      "quoteQty": "266.99760",
      "time": 1706088804529,
      "isBuyerMaker": true
   },
   {
      "id": 1041933051,
      "price": "0.47340",
      "qty": "408",
      "quoteQty": "193.14720",
      "time": 1706088804529,
      "isBuyerMaker": true
   },
   {
      "id": 1041933052,
      "price": "0.47340",
      "qty": "578",
      "quoteQty": "273.62520",
      "time": 1706088804529,
      "isBuyerMaker": true
   },
   {
      "id": 1041933053,
      "price": "0.47340",
      "qty": "1370",
      "quoteQty": "648.55800",
      "time": 1706088804529,
      "isBuyerMaker": true
   },
   {
      "id": 1041933054,
      "price": "0.47340",
      "qty": "902",
      "quoteQty": "427.00680",
      "time": 1706088805704,
      "isBuyerMaker": true
   },
   {
      "id": 1041933055,
      "price": "0.47340",
      "qty": "2098",
      "quoteQty": "993.19320",
      "time": 1706088805704,
      "isBuyerMaker": true
   },
   {
      "id": 1041933056,
      "price": "0.47340",
      "qty": "437",
      "quoteQty": "206.87580",
      "time": 1706088805704,
      "isBuyerMaker": true
   },
   {
      "id": 1041933057,
      "price": "0.47340",
      "qty": "437",
      "quoteQty": "206.87580",
      "time": 1706088805704,
      "isBuyerMaker": true
   },
   {
      "id": 1041933058,
      "price": "0.47340",
      "qty": "2000",
      "quoteQty": "946.80000",
      "time": 1706088805704,
      "isBuyerMaker": true
   },
   {
      "id": 1041933059,
      "price": "0.47340",
      "qty": "283",
      "quoteQty": "133.97220",
      "time": 1706088805704,
      "isBuyerMaker": true
   },
   {
      "id": 1041933060,
      "price": "0.47340",
      "qty": "3843",
      "quoteQty": "1819.27620",
      "time": 1706088805704,
      "isBuyerMaker": true
   },
   {
      "id": 1041933061,
      "price": "0.47340",
      "qty": "4243",
      "quoteQty": "2008.63620",
      "time": 1706088806698,
      "isBuyerMaker": true
   },
   {
      "id": 1041933062,
      "price": "0.47340",
      "qty": "179",
      "quoteQty": "84.73860",
      "time": 1706088806923,
      "isBuyerMaker": true
   },
   {
      "id": 1041933063,
      "price": "0.47350",
      "qty": "43",
      "quoteQty": "20.36050",
      "time": 1706088807255,
      "isBuyerMaker": false
   },
   {
      "id": 1041933064,
      "price": "0.47340",
      "qty": "105",
      "quoteQty": "49.70700",
      "time": 1706088807609,
      "isBuyerMaker": true
   },
   {
      "id": 1041933065,
      "price": "0.47340",
      "qty": "2579",
      "quoteQty": "1220.89860",
      "time": 1706088808199,
      "isBuyerMaker": true
   },
   {
      "id": 1041933066,
      "price": "0.47340",
      "qty": "95",
      "quoteQty": "44.97300",
      "time": 1706088808316,
      "isBuyerMaker": true
   },
   {
      "id": 1041933067,
      "price": "0.47350",
      "qty": "896",
      "quoteQty": "424.25600",
      "time": 1706088808970,
      "isBuyerMaker": false
   },
   {
      "id": 1041933068,
      "price": "0.47350",
      "qty": "1425",
      "quoteQty": "674.73750",
      "time": 1706088808970,
      "isBuyerMaker": false
   },
   {
      "id": 1041933069,
      "price": "0.47350",
      "qty": "363",
      "quoteQty": "171.88050",
      "time": 1706088808970,
      "isBuyerMaker": false
   },
   {
      "id": 1041933070,
      "price": "0.47350",
      "qty": "13",
      "quoteQty": "6.15550",
      "time": 1706088808970,
      "isBuyerMaker": false
   },
   {
      "id": 1041933071,
      "price": "0.47350",
      "qty": "416",
      "quoteQty": "196.97600",
      "time": 1706088808970,
      "isBuyerMaker": false
   },
   {
      "id": 1041933072,
      "price": "0.47350",
      "qty": "33",
      "quoteQty": "15.62550",
      "time": 1706088808970,
      "isBuyerMaker": false
   },
   {
      "id": 1041933073,
      "price": "0.47350",
      "qty": "825",
      "quoteQty": "390.63750",
      "time": 1706088808970,
      "isBuyerMaker": false
   },
   {
      "id": 1041933074,
      "price": "0.47350",
      "qty": "12",
      "quoteQty": "5.68200",
      "time": 1706088808970,
      "isBuyerMaker": false
   },
   {
      "id": 1041933075,
      "price": "0.47350",
      "qty": "894",
      "quoteQty": "423.30900",
      "time": 1706088808970,
      "isBuyerMaker": false
   },
   {
      "id": 1041933076,
      "price": "0.47350",
      "qty": "113",
      "quoteQty": "53.50550",
      "time": 1706088808970,
      "isBuyerMaker": false
   },
   {
      "id": 1041933077,
      "price": "0.47350",
      "qty": "118",
      "quoteQty": "55.87300",
      "time": 1706088808970,
      "isBuyerMaker": false
   },
   {
      "id": 1041933078,
      "price": "0.47350",
      "qty": "12",
      "quoteQty": "5.68200",
      "time": 1706088808970,
      "isBuyerMaker": false
   },
   {
      "id": 1041933079,
      "price": "0.47350",
      "qty": "1000",
      "quoteQty": "473.50000",
      "time": 1706088808970,
      "isBuyerMaker": false
   },
   {
      "id": 1041933080,
      "price": "0.47350",
      "qty": "296",
      "quoteQty": "140.15600",
      "time": 1706088808970,
      "isBuyerMaker": false
   },
   {
      "id": 1041933081,
      "price": "0.47350",
      "qty": "159",
      "quoteQty": "75.28650",
      "time": 1706088808970,
      "isBuyerMaker": false
   },
   {
      "id": 1041933082,
      "price": "0.47350",
      "qty": "203",
      "quoteQty": "96.12050",
      "time": 1706088808970,
      "isBuyerMaker": false
   },
   {
      "id": 1041933083,
      "price": "0.47350",
      "qty": "127",
      "quoteQty": "60.13450",
      "time": 1706088808970,
      "isBuyerMaker": false
   },
   {
      "id": 1041933084,
      "price": "0.47360",
      "qty": "555",
      "quoteQty": "262.84800",
      "time": 1706088809001,
      "isBuyerMaker": false
   },
   {
      "id": 1041933085,
      "price": "0.47360",
      "qty": "615",
      "quoteQty": "291.26400",
      "time": 1706088809001,
      "isBuyerMaker": false
   },
   {
      "id": 1041933086,
      "price": "0.47360",
      "qty": "1134",
      "quoteQty": "537.06240",
      "time": 1706088809008,
      "isBuyerMaker": false
   },
   {
      "id": 1041933087,
      "price": "0.47360",
      "qty": "272",
      "quoteQty": "128.81920",
      "time": 1706088809011,
      "isBuyerMaker": false
   },
   {
      "id": 1041933088,
      "price": "0.47360",
      "qty": "158",
      "quoteQty": "74.82880",
      "time": 1706088809011,
      "isBuyerMaker": false
   },
   {
      "id": 1041933089,
      "price": "0.47360",
      "qty": "1842",
      "quoteQty": "872.37120",
      "time": 1706088809013,
      "isBuyerMaker": false
   },
   {
      "id": 1041933090,
      "price": "0.47360",
      "qty": "224",
      "quoteQty": "106.08640",
      "time": 1706088809013,
      "isBuyerMaker": false
   },
   {
      "id": 1041933091,
      "price": "0.47350",
      "qty": "408",
      "quoteQty": "193.18800",
      "time": 1706088809050,
      "isBuyerMaker": true
   },
   {
      "id": 1041933092,
      "price": "0.47350",
      "qty": "816",
      "quoteQty": "386.37600",
      "time": 1706088809050,
      "isBuyerMaker": true
   },
   {
      "id": 1041933093,
      "price": "0.47350",
      "qty": "816",
      "quoteQty": "386.37600",
      "time": 1706088809050,
      "isBuyerMaker": true
   },
   {
      "id": 1041933094,
      "price": "0.47350",
      "qty": "642",
      "quoteQty": "303.98700",
      "time": 1706088809050,
      "isBuyerMaker": true
   },
   {
      "id": 1041933095,
      "price": "0.47360",
      "qty": "36",
      "quoteQty": "17.04960",
      "time": 1706088810336,
      "isBuyerMaker": false
   },
   {
      "id": 1041933096,
      "price": "0.47350",
      "qty": "175",
      "quoteQty": "82.86250",
      "time": 1706088810725,
      "isBuyerMaker": true
   },
   {
      "id": 1041933097,
      "price": "0.47350",
      "qty": "171",
      "quoteQty": "80.96850",
      "time": 1706088810725,
      "isBuyerMaker": true
   },
   {
      "id": 1041933098,
      "price": "0.47350",
      "qty": "2272",
      "quoteQty": "1075.79200",
      "time": 1706088810725,
      "isBuyerMaker": true
   },
   {
      "id": 1041933099,
      "price": "0.47350",
      "qty": "625",
      "quoteQty": "295.93750",
      "time": 1706088810725,
      "isBuyerMaker": true
   },
   {
      "id": 1041933100,
      "price": "0.47350",
      "qty": "3033",
      "quoteQty": "1436.12550",
      "time": 1706088811046,
      "isBuyerMaker": true
   },
   {
      "id": 1041933101,
      "price": "0.47350",
      "qty": "722",
      "quoteQty": "341.86700",
      "time": 1706088811232,
      "isBuyerMaker": true
   },
   {
      "id": 1041933102,
      "price": "0.47350",
      "qty": "28",
      "quoteQty": "13.25800",
      "time": 1706088811232,
      "isBuyerMaker": true
   },
   {
      "id": 1041933103,
      "price": "0.47350",
      "qty": "1765",
      "quoteQty": "835.72750",
      "time": 1706088811270,
      "isBuyerMaker": true
   },
   {
      "id": 1041933104,
      "price": "0.47350",
      "qty": "1589",
      "quoteQty": "752.39150",
      "time": 1706088811270,
      "isBuyerMaker": true
   },
   {
      "id": 1041933105,
      "price": "0.47360",
      "qty": "100",
      "quoteQty": "47.36000",
      "time": 1706088811509,
      "isBuyerMaker": false
   },
   {
      "id": 1041933106,
      "price": "0.47360",
      "qty": "233",
      "quoteQty": "110.34880",
      "time": 1706088812550,
      "isBuyerMaker": false
   },
   {
      "id": 1041933107,
      "price": "0.47360",
      "qty": "1214",
      "quoteQty": "574.95040",
      "time": 1706088812550,
      "isBuyerMaker": false
   },
   {
      "id": 1041933108,
      "price": "0.47360",
      "qty": "13",
      "quoteQty": "6.15680",
      "time": 1706088812550,
      "isBuyerMaker": false
   },
   {
      "id": 1041933109,
      "price": "0.47360",
      "qty": "606",
      "quoteQty": "287.00160",
      "time": 1706088812550,
      "isBuyerMaker": false
   },
   {
      "id": 1041933110,
      "price": "0.47350",
      "qty": "88",
      "quoteQty": "41.66800",
      "time": 1706088813126,
      "isBuyerMaker": true
   },
   {
      "id": 1041933111,
      "price": "0.47360",
      "qty": "108",
      "quoteQty": "51.14880",
      "time": 1706088813390,
      "isBuyerMaker": false
   },
   {
      "id": 1041933112,
      "price": "0.47350",
      "qty": "1287",
      "quoteQty": "609.39450",
      "time": 1706088813854,
      "isBuyerMaker": true
   },
   {
      "id": 1041933113,
      "price": "0.47350",
      "qty": "4323",
      "quoteQty": "2046.94050",
      "time": 1706088813854,
      "isBuyerMaker": true
   },
   {
      "id": 1041933114,
      "price": "0.47350",
      "qty": "6969",
      "quoteQty": "3299.82150",
      "time": 1706088813854,
      "isBuyerMaker": true
   },
   {
      "id": 1041933115,
      "price": "0.47350",
      "qty": "1200",
      "quoteQty": "568.20000",
      "time": 1706088813854,
      "isBuyerMaker": true
   },
   {
      "id": 1041933116,
      "price": "0.47350",
      "qty": "2114",
      "quoteQty": "1000.97900",
      "time": 1706088813854,
      "isBuyerMaker": true
   },
   {
      "id": 1041933117,
      "price": "0.47350",
      "qty": "640",
      "quoteQty": "303.04000",
      "time": 1706088813854,
      "isBuyerMaker": true
   },
   {
      "id": 1041933118,
      "price": "0.47350",
      "qty": "369",
      "quoteQty": "174.72150",
      "time": 1706088813854,
      "isBuyerMaker": true
   },
   {
      "id": 1041933119,
      "price": "0.47350",
      "qty": "390",
      "quoteQty": "184.66500",
      "time": 1706088813854,
      "isBuyerMaker": true
   },
   {
      "id": 1041933120,
      "price": "0.47350",
      "qty": "236",
      "quoteQty": "111.74600",
      "time": 1706088813854,
      "isBuyerMaker": true
   },
   {
      "id": 1041933121,
      "price": "0.47350",
      "qty": "21",
      "quoteQty": "9.94350",
      "time": 1706088813854,
      "isBuyerMaker": true
   },
   {
      "id": 1041933122,
      "price": "0.47340",
      "qty": "213",
      "quoteQty": "100.83420",
      "time": 1706088817505,
      "isBuyerMaker": true
   },
   {
      "id": 1041933123,
      "price": "0.47350",
      "qty": "398",
      "quoteQty": "188.45300",
      "time": 1706088817839,
      "isBuyerMaker": false
   },
   {
      "id": 1041933124,
      "price": "0.47350",
      "qty": "1",
      "quoteQty": "0.47350",
      "time": 1706088818631,
      "isBuyerMaker": false
   },
   {
      "id": 1041933125,
      "price": "0.47340",
      "qty": "4343",
      "quoteQty": "2055.97620",
      "time": 1706088820541,
      "isBuyerMaker": true
   },
   {
      "id": 1041933126,
      "price": "0.47340",
      "qty": "6839",
      "quoteQty": "3237.58260",
      "time": 1706088820541,
      "isBuyerMaker": true
   },
   {
      "id": 1041933127,
      "price": "0.47340",
      "qty": "232",
      "quoteQty": "109.82880",
      "time": 1706088820541,
      "isBuyerMaker": true
   },
   {
      "id": 1041933128,
      "price": "0.47340",
      "qty": "370",
      "quoteQty": "175.15800",
      "time": 1706088820541,
      "isBuyerMaker": true
   },
   {
      "id": 1041933129,
      "price": "0.47340",
      "qty": "31",
      "quoteQty": "14.67540",
      "time": 1706088820541,
      "isBuyerMaker": true
   },
   {
      "id": 1041933130,
      "price": "0.47340",
      "qty": "31",
      "quoteQty": "14.67540",
      "time": 1706088820541,
      "isBuyerMaker": true
   },
   {
      "id": 1041933131,
      "price": "0.47340",
      "qty": "1583",
      "quoteQty": "749.39220",
      "time": 1706088820541,
      "isBuyerMaker": true
   },
   {
      "id": 1041933132,
      "price": "0.47340",
      "qty": "13",
      "quoteQty": "6.15420",
      "time": 1706088820541,
      "isBuyerMaker": true
   },
   {
      "id": 1041933133,
      "price": "0.47340",
      "qty": "175",
      "quoteQty": "82.84500",
      "time": 1706088820541,
      "isBuyerMaker": true
   },
   {
      "id": 1041933134,
      "price": "0.47340",
      "qty": "1600",
      "quoteQty": "757.44000",
      "time": 1706088820541,
      "isBuyerMaker": true
   },
   {
      "id": 1041933135,
      "price": "0.47340",
      "qty": "6336",
      "quoteQty": "2999.46240",
      "time": 1706088820541,
      "isBuyerMaker": true
   },
   {
      "id": 1041933136,
      "price": "0.47340",
      "qty": "21",
      "quoteQty": "9.94140",
      "time": 1706088820541,
      "isBuyerMaker": true
   },
   {
      "id": 1041933137,
      "price": "0.47340",
      "qty": "125",
      "quoteQty": "59.17500",
      "time": 1706088820541,
      "isBuyerMaker": true
   },
   {
      "id": 1041933138,
      "price": "0.47340",
      "qty": "115",
      "quoteQty": "54.44100",
      "time": 1706088820541,
      "isBuyerMaker": true
   },
   {
      "id": 1041933139,
      "price": "0.47340",
      "qty": "640",
      "quoteQty": "302.97600",
      "time": 1706088820541,
      "isBuyerMaker": true
   },
   {
      "id": 1041933140,
      "price": "0.47340",
      "qty": "83",
      "quoteQty": "39.29220",
      "time": 1706088820541,
      "isBuyerMaker": true
   },
   {
      "id": 1041933141,
      "price": "0.47340",
      "qty": "49",
      "quoteQty": "23.19660",
      "time": 1706088820541,
      "isBuyerMaker": true
   },
   {
      "id": 1041933142,
      "price": "0.47330",
      "qty": "13",
      "quoteQty": "6.15290",
      "time": 1706088824372,
      "isBuyerMaker": true
   },
   {
      "id": 1041933143,
      "price": "0.47330",
      "qty": "369",
      "quoteQty": "174.64770",
      "time": 1706088824372,
      "isBuyerMaker": true
   },
   {
      "id": 1041933144,
      "price": "0.47330",
      "qty": "3188",
      "quoteQty": "1508.88040",
      "time": 1706088824372,
      "isBuyerMaker": true
   },
   {
      "id": 1041933145,
      "price": "0.47330",
      "qty": "245",
      "quoteQty": "115.95850",
      "time": 1706088824372,
      "isBuyerMaker": true
   },
   {
      "id": 1041933146,
      "price": "0.47330",
      "qty": "255",
      "quoteQty": "120.69150",
      "time": 1706088824372,
      "isBuyerMaker": true
   },
   {
      "id": 1041933147,
      "price": "0.47330",
      "qty": "1694",
      "quoteQty": "801.77020",
      "time": 1706088824920,
      "isBuyerMaker": false
   },
   {
      "id": 1041933148,
      "price": "0.47330",
      "qty": "4379",
      "quoteQty": "2072.58070",
      "time": 1706088824920,
      "isBuyerMaker": false
   },
   {
      "id": 1041933149,
      "price": "0.47330",
      "qty": "1236",
      "quoteQty": "584.99880",
      "time": 1706088824920,
      "isBuyerMaker": false
   },
   {
      "id": 1041933150,
      "price": "0.47330",
      "qty": "186",
      "quoteQty": "88.03380",
      "time": 1706088824920,
      "isBuyerMaker": false
   },
   {
      "id": 1041933151,
      "price": "0.47330",
      "qty": "4499",
      "quoteQty": "2129.37670",
      "time": 1706088824920,
      "isBuyerMaker": false
   },
   {
      "id": 1041933152,
      "price": "0.47330",
      "qty": "671",
      "quoteQty": "317.58430",
      "time": 1706088825714,
      "isBuyerMaker": true
   },
   {
      "id": 1041933153,
      "price": "0.47330",
      "qty": "135",
      "quoteQty": "63.89550",
      "time": 1706088825714,
      "isBuyerMaker": true
   },
   {
      "id": 1041933154,
      "price": "0.47330",
      "qty": "114",
      "quoteQty": "53.95620",
      "time": 1706088825714,
      "isBuyerMaker": true
   },
   {
      "id": 1041933155,
      "price": "0.47330",
      "qty": "1598",
      "quoteQty": "756.33340",
      "time": 1706088825714,
      "isBuyerMaker": true
   },
   {
      "id": 1041933156,
      "price": "0.47330",
      "qty": "692",
      "quoteQty": "327.52360",
      "time": 1706088825714,
      "isBuyerMaker": true
   },
   {
      "id": 1041933157,
      "price": "0.47340",
      "qty": "1",
      "quoteQty": "0.47340",
      "time": 1706088827087,
      "isBuyerMaker": false
   },
   {
      "id": 1041933158,
      "price": "0.47330",
      "qty": "2073",
      "quoteQty": "981.15090",
      "time": 1706088828550,
      "isBuyerMaker": true
   },
   {
      "id": 1041933159,
      "price": "0.47330",
      "qty": "2272",
      "quoteQty": "1075.33760",
      "time": 1706088828550,
      "isBuyerMaker": true
   },
   {
      "id": 1041933160,
      "price": "0.47330",
      "qty": "1600",
      "quoteQty": "757.28000",
      "time": 1706088828550,
      "isBuyerMaker": true
   },
   {
      "id": 1041933161,
      "price": "0.47330",
      "qty": "40",
      "quoteQty": "18.93200",
      "time": 1706088828550,
      "isBuyerMaker": true
   },
   {
      "id": 1041933162,
      "price": "0.47330",
      "qty": "6762",
      "quoteQty": "3200.45460",
      "time": 1706088828550,
      "isBuyerMaker": true
   },
   {
      "id": 1041933163,
      "price": "0.47320",
      "qty": "1283",
      "quoteQty": "607.11560",
      "time": 1706088829557,
      "isBuyerMaker": true
   },
   {
      "id": 1041933164,
      "price": "0.47320",
      "qty": "3068",
      "quoteQty": "1451.77760",
      "time": 1706088829557,
      "isBuyerMaker": true
   },
   {
      "id": 1041933165,
      "price": "0.47320",
      "qty": "100",
      "quoteQty": "47.32000",
      "time": 1706088830965,
      "isBuyerMaker": true
   },
   {
      "id": 1041933166,
      "price": "0.47320",
      "qty": "3276",
      "quoteQty": "1550.20320",
      "time": 1706088831398,
      "isBuyerMaker": true
   },
   {
      "id": 1041933167,
      "price": "0.47320",
      "qty": "4365",
      "quoteQty": "2065.51800",
      "time": 1706088831816,
      "isBuyerMaker": true
   },
   {
      "id": 1041933168,
      "price": "0.47320",
      "qty": "8857",
      "quoteQty": "4191.13240",
      "time": 1706088831816,
      "isBuyerMaker": true
   },
   {
      "id": 1041933169,
      "price": "0.47320",
      "qty": "7113",
      "quoteQty": "3365.87160",
      "time": 1706088831816,
      "isBuyerMaker": true
   },
   {
      "id": 1041933170,
      "price": "0.47320",
      "qty": "16",
      "quoteQty": "7.57120",
      "time": 1706088831816,
      "isBuyerMaker": true
   },
   {
      "id": 1041933171,
      "price": "0.47320",
      "qty": "11",
      "quoteQty": "5.20520",
      "time": 1706088831816,
      "isBuyerMaker": true
   },
   {
      "id": 1041933172,
      "price": "0.47320",
      "qty": "369",
      "quoteQty": "174.61080",
      "time": 1706088831816,
      "isBuyerMaker": true
   },
   {
      "id": 1041933173,
      "price": "0.47320",
      "qty": "1689",
      "quoteQty": "799.23480",
      "time": 1706088831816,
      "isBuyerMaker": true
   },
   {
      "id": 1041933174,
      "price": "0.47320",
      "qty": "13",
      "quoteQty": "6.15160",
      "time": 1706088831816,
      "isBuyerMaker": true
   },
   {
      "id": 1041933175,
      "price": "0.47320",
      "qty": "21",
      "quoteQty": "9.93720",
      "time": 1706088831816,
      "isBuyerMaker": true
   },
   {
      "id": 1041933176,
      "price": "0.47320",
      "qty": "6339",
      "quoteQty": "2999.61480",
      "time": 1706088831816,
      "isBuyerMaker": true
   },
   {
      "id": 1041933177,
      "price": "0.47320",
      "qty": "175",
      "quoteQty": "82.81000",
      "time": 1706088831816,
      "isBuyerMaker": true
   },
   {
      "id": 1041933178,
      "price": "0.47320",
      "qty": "1600",
      "quoteQty": "757.12000",
      "time": 1706088831816,
      "isBuyerMaker": true
   },
   {
      "id": 1041933179,
      "price": "0.47320",
      "qty": "234",
      "quoteQty": "110.72880",
      "time": 1706088831816,
      "isBuyerMaker": true
   },
   {
      "id": 1041933180,
      "price": "0.47320",
      "qty": "21",
      "quoteQty": "9.93720",
      "time": 1706088831816,
      "isBuyerMaker": true
   },
   {
      "id": 1041933181,
      "price": "0.47320",
      "qty": "95",
      "quoteQty": "44.95400",
      "time": 1706088831816,
      "isBuyerMaker": true
   },
   {
      "id": 1041933182,
      "price": "0.47320",
      "qty": "576",
      "quoteQty": "272.56320",
      "time": 1706088832049,
      "isBuyerMaker": false
   },
   {
      "id": 1041933183,
      "price": "0.47320",
      "qty": "816",
      "quoteQty": "386.13120",
      "time": 1706088832049,
      "isBuyerMaker": false
   },
   {
      "id": 1041933184,
      "price": "0.47320",
      "qty": "1669",
      "quoteQty": "789.77080",
      "time": 1706088832049,
      "isBuyerMaker": false
   },
   {
      "id": 1041933185,
      "price": "0.47320",
      "qty": "2082",
      "quoteQty": "985.20240",
      "time": 1706088832049,
      "isBuyerMaker": false
   },
   {
      "id": 1041933186,
      "price": "0.47320",
      "qty": "2272",
      "quoteQty": "1075.11040",
      "time": 1706088832049,
      "isBuyerMaker": false
   },
   {
      "id": 1041933187,
      "price": "0.47320",
      "qty": "816",
      "quoteQty": "386.13120",
      "time": 1706088832049,
      "isBuyerMaker": false
   },
   {
      "id": 1041933188,
      "price": "0.47320",
      "qty": "578",
      "quoteQty": "273.50960",
      "time": 1706088832049,
      "isBuyerMaker": false
   },
   {
      "id": 1041933189,
      "price": "0.47320",
      "qty": "578",
      "quoteQty": "273.50960",
      "time": 1706088832049,
      "isBuyerMaker": false
   },
   {
      "id": 1041933190,
      "price": "0.47320",
      "qty": "816",
      "quoteQty": "386.13120",
      "time": 1706088832049,
      "isBuyerMaker": false
   },
   {
      "id": 1041933191,
      "price": "0.47320",
      "qty": "437",
      "quoteQty": "206.78840",
      "time": 1706088832049,
      "isBuyerMaker": false
   },
   {
      "id": 1041933192,
      "price": "0.47320",
      "qty": "437",
      "quoteQty": "206.78840",
      "time": 1706088832049,
      "isBuyerMaker": false
   },
   {
      "id": 1041933193,
      "price": "0.47320",
      "qty": "400",
      "quoteQty": "189.28000",
      "time": 1706088832049,
      "isBuyerMaker": false
   },
   {
      "id": 1041933194,
      "price": "0.47310",
      "qty": "2272",
      "quoteQty": "1074.88320",
      "time": 1706088832607,
      "isBuyerMaker": true
   },
   {
      "id": 1041933195,
      "price": "0.47310",
      "qty": "269",
      "quoteQty": "127.26390",
      "time": 1706088832607,
      "isBuyerMaker": true
   },
   {
      "id": 1041933196,
      "price": "0.47310",
      "qty": "1965",
      "quoteQty": "929.64150",
      "time": 1706088832607,
      "isBuyerMaker": true
   },
   {
      "id": 1041933197,
      "price": "0.47310",
      "qty": "28",
      "quoteQty": "13.24680",
      "time": 1706088834836,
      "isBuyerMaker": true
   },
   {
      "id": 1041933198,
      "price": "0.47310",
      "qty": "341",
      "quoteQty": "161.32710",
      "time": 1706088835797,
      "isBuyerMaker": true
   },
   {
      "id": 1041933199,
      "price": "0.47310",
      "qty": "9082",
      "quoteQty": "4296.69420",
      "time": 1706088835797,
      "isBuyerMaker": true
   },
   {
      "id": 1041933200,
      "price": "0.47310",
      "qty": "13",
      "quoteQty": "6.15030",
      "time": 1706088835797,
      "isBuyerMaker": true
   },
   {
      "id": 1041933201,
      "price": "0.47310",
      "qty": "54",
      "quoteQty": "25.54740",
      "time": 1706088835797,
      "isBuyerMaker": true
   },
   {
      "id": 1041933202,
      "price": "0.47310",
      "qty": "432",
      "quoteQty": "204.37920",
      "time": 1706088835797,
      "isBuyerMaker": true
   },
   {
      "id": 1041933203,
      "price": "0.47310",
      "qty": "124",
      "quoteQty": "58.66440",
      "time": 1706088835797,
      "isBuyerMaker": true
   },
   {
      "id": 1041933204,
      "price": "0.47310",
      "qty": "400",
      "quoteQty": "189.24000",
      "time": 1706088835797,
      "isBuyerMaker": true
   },
   {
      "id": 1041933205,
      "price": "0.47310",
      "qty": "1600",
      "quoteQty": "756.96000",
      "time": 1706088835797,
      "isBuyerMaker": true
   },
   {
      "id": 1041933206,
      "price": "0.47310",
      "qty": "458",
      "quoteQty": "216.67980",
      "time": 1706088835797,
      "isBuyerMaker": true
   },
   {
      "id": 1041933207,
      "price": "0.47310",
      "qty": "100",
      "quoteQty": "47.31000",
      "time": 1706088838076,
      "isBuyerMaker": false
   },
   {
      "id": 1041933208,
      "price": "0.47300",
      "qty": "2272",
      "quoteQty": "1074.65600",
      "time": 1706088839425,
      "isBuyerMaker": true
   },
   {
      "id": 1041933209,
      "price": "0.47300",
      "qty": "2109",
      "quoteQty": "997.55700",
      "time": 1706088839425,
      "isBuyerMaker": true
   },
   {
      "id": 1041933210,
      "price": "0.47300",
      "qty": "2267",
      "quoteQty": "1072.29100",
      "time": 1706088839439,
      "isBuyerMaker": true
   },
   {
      "id": 1041933211,
      "price": "0.47300",
      "qty": "11",
      "quoteQty": "5.20300",
      "time": 1706088839439,
      "isBuyerMaker": true
   },
   {
      "id": 1041933212,
      "price": "0.47300",
      "qty": "11437",
      "quoteQty": "5409.70100",
      "time": 1706088839439,
      "isBuyerMaker": true
   },
   {
      "id": 1041933213,
      "price": "0.47300",
      "qty": "25",
      "quoteQty": "11.82500",
      "time": 1706088839439,
      "isBuyerMaker": true
   },
   {
      "id": 1041933214,
      "price": "0.47300",
      "qty": "370",
      "quoteQty": "175.01000",
      "time": 1706088839439,
      "isBuyerMaker": true
   },
   {
      "id": 1041933215,
      "price": "0.47300",
      "qty": "1214",
      "quoteQty": "574.22200",
      "time": 1706088839439,
      "isBuyerMaker": true
   },
   {
      "id": 1041933216,
      "price": "0.47300",
      "qty": "23",
      "quoteQty": "10.87900",
      "time": 1706088839439,
      "isBuyerMaker": true
   },
   {
      "id": 1041933217,
      "price": "0.47300",
      "qty": "855",
      "quoteQty": "404.41500",
      "time": 1706088839439,
      "isBuyerMaker": true
   },
   {
      "id": 1041933218,
      "price": "0.47300",
      "qty": "3381",
      "quoteQty": "1599.21300",
      "time": 1706088839439,
      "isBuyerMaker": true
   },
   {
      "id": 1041933219,
      "price": "0.47300",
      "qty": "1690",
      "quoteQty": "799.37000",
      "time": 1706088839439,
      "isBuyerMaker": true
   },
   {
      "id": 1041933220,
      "price": "0.47300",
      "qty": "1669",
      "quoteQty": "789.43700",
      "time": 1706088839439,
      "isBuyerMaker": true
   },
   {
      "id": 1041933221,
      "price": "0.47300",
      "qty": "3298",
      "quoteQty": "1559.95400",
      "time": 1706088839439,
      "isBuyerMaker": true
   },
   {
      "id": 1041933222,
      "price": "0.47300",
      "qty": "400",
      "quoteQty": "189.20000",
      "time": 1706088839439,
      "isBuyerMaker": true
   },
   {
      "id": 1041933223,
      "price": "0.47300",
      "qty": "400",
      "quoteQty": "189.20000",
      "time": 1706088839439,
      "isBuyerMaker": true
   },
   {
      "id": 1041933224,
      "price": "0.47300",
      "qty": "529",
      "quoteQty": "250.21700",
      "time": 1706088839439,
      "isBuyerMaker": true
   },
   {
      "id": 1041933225,
      "price": "0.47300",
      "qty": "423",
      "quoteQty": "200.07900",
      "time": 1706088840287,
      "isBuyerMaker": false
   },
   {
      "id": 1041933226,
      "price": "0.47300",
      "qty": "140",
      "quoteQty": "66.22000",
      "time": 1706088840287,
      "isBuyerMaker": false
   },
   {
      "id": 1041933227,
      "price": "0.47300",
      "qty": "482",
      "quoteQty": "227.98600",
      "time": 1706088840287,
      "isBuyerMaker": false
   },
   {
      "id": 1041933228,
      "price": "0.47300",
      "qty": "1922",
      "quoteQty": "909.10600",
      "time": 1706088840287,
      "isBuyerMaker": false
   },
   {
      "id": 1041933229,
      "price": "0.47310",
      "qty": "172",
      "quoteQty": "81.37320",
      "time": 1706088840287,
      "isBuyerMaker": false
   },
   {
      "id": 1041933230,
      "price": "0.47310",
      "qty": "58",
      "quoteQty": "27.43980",
      "time": 1706088840287,
      "isBuyerMaker": false
   },
   {
      "id": 1041933231,
      "price": "0.47300",
      "qty": "2909",
      "quoteQty": "1375.95700",
      "time": 1706088840551,
      "isBuyerMaker": true
   },
   {
      "id": 1041933232,
      "price": "0.47300",
      "qty": "200",
      "quoteQty": "94.60000",
      "time": 1706088841113,
      "isBuyerMaker": true
   },
   {
      "id": 1041933233,
      "price": "0.47310",
      "qty": "86",
      "quoteQty": "40.68660",
      "time": 1706088841292,
      "isBuyerMaker": false
   },
   {
      "id": 1041933234,
      "price": "0.47310",
      "qty": "114",
      "quoteQty": "53.93340",
      "time": 1706088841292,
      "isBuyerMaker": false
   },
   {
      "id": 1041933235,
      "price": "0.47310",
      "qty": "2080",
      "quoteQty": "984.04800",
      "time": 1706088843965,
      "isBuyerMaker": false
   },
   {
      "id": 1041933236,
      "price": "0.47310",
      "qty": "192",
      "quoteQty": "90.83520",
      "time": 1706088843965,
      "isBuyerMaker": false
   },
   {
      "id": 1041933237,
      "price": "0.47310",
      "qty": "175",
      "quoteQty": "82.79250",
      "time": 1706088843965,
      "isBuyerMaker": false
   },
   {
      "id": 1041933238,
      "price": "0.47310",
      "qty": "807",
      "quoteQty": "381.79170",
      "time": 1706088843965,
      "isBuyerMaker": false
   },
   {
      "id": 1041933239,
      "price": "0.47310",
      "qty": "52",
      "quoteQty": "24.60120",
      "time": 1706088843965,
      "isBuyerMaker": false
   },
   {
      "id": 1041933240,
      "price": "0.47310",
      "qty": "1596",
      "quoteQty": "755.06760",
      "time": 1706088843965,
      "isBuyerMaker": false
   },
   {
      "id": 1041933241,
      "price": "0.47310",
      "qty": "416",
      "quoteQty": "196.80960",
      "time": 1706088843965,
      "isBuyerMaker": false
   },
   {
      "id": 1041933242,
      "price": "0.47310",
      "qty": "17",
      "quoteQty": "8.04270",
      "time": 1706088843965,
      "isBuyerMaker": false
   },
   {
      "id": 1041933243,
      "price": "0.47310",
      "qty": "370",
      "quoteQty": "175.04700",
      "time": 1706088843965,
      "isBuyerMaker": false
   },
   {
      "id": 1041933244,
      "price": "0.47310",
      "qty": "13",
      "quoteQty": "6.15030",
      "time": 1706088843965,
      "isBuyerMaker": false
   },
   {
      "id": 1041933245,
      "price": "0.47310",
      "qty": "11",
      "quoteQty": "5.20410",
      "time": 1706088843965,
      "isBuyerMaker": false
   },
   {
      "id": 1041933246,
      "price": "0.47310",
      "qty": "50",
      "quoteQty": "23.65500",
      "time": 1706088843965,
      "isBuyerMaker": false
   },
   {
      "id": 1041933247,
      "price": "0.47310",
      "qty": "33",
      "quoteQty": "15.61230",
      "time": 1706088843965,
      "isBuyerMaker": false
   },
   {
      "id": 1041933248,
      "price": "0.47310",
      "qty": "487",
      "quoteQty": "230.39970",
      "time": 1706088843965,
      "isBuyerMaker": false
   },
   {
      "id": 1041933249,
      "price": "0.47310",
      "qty": "169",
      "quoteQty": "79.95390",
      "time": 1706088843965,
      "isBuyerMaker": false
   },
   {
      "id": 1041933250,
      "price": "0.47310",
      "qty": "820",
      "quoteQty": "387.94200",
      "time": 1706088843965,
      "isBuyerMaker": false
   },
   {
      "id": 1041933251,
      "price": "0.47310",
      "qty": "662",
      "quoteQty": "313.19220",
      "time": 1706088843965,
      "isBuyerMaker": false
   },
   {
      "id": 1041933252,
      "price": "0.47310",
      "qty": "264",
      "quoteQty": "124.89840",
      "time": 1706088843965,
      "isBuyerMaker": false
   },
   {
      "id": 1041933253,
      "price": "0.47310",
      "qty": "169",
      "quoteQty": "79.95390",
      "time": 1706088843979,
      "isBuyerMaker": true
   },
   {
      "id": 1041933254,
      "price": "0.47320",
      "qty": "177",
      "quoteQty": "83.75640",
      "time": 1706088844626,
      "isBuyerMaker": false
   },
   {
      "id": 1041933255,
      "price": "0.47320",
      "qty": "96",
      "quoteQty": "45.42720",
      "time": 1706088844626,
      "isBuyerMaker": false
   },
   {
      "id": 1041933256,
      "price": "0.47320",
      "qty": "369",
      "quoteQty": "174.61080",
      "time": 1706088844626,
      "isBuyerMaker": false
   },
   {
      "id": 1041933257,
      "price": "0.47320",
      "qty": "13",
      "quoteQty": "6.15160",
      "time": 1706088844626,
      "isBuyerMaker": false
   },
   {
      "id": 1041933258,
      "price": "0.47320",
      "qty": "169",
      "quoteQty": "79.97080",
      "time": 1706088844626,
      "isBuyerMaker": false
   },
   {
      "id": 1041933259,
      "price": "0.47320",
      "qty": "423",
      "quoteQty": "200.16360",
      "time": 1706088844626,
      "isBuyerMaker": false
   },
   {
      "id": 1041933260,
      "price": "0.47320",
      "qty": "436",
      "quoteQty": "206.31520",
      "time": 1706088844626,
      "isBuyerMaker": false
   },
   {
      "id": 1041933261,
      "price": "0.47320",
      "qty": "331",
      "quoteQty": "156.62920",
      "time": 1706088844626,
      "isBuyerMaker": false
   },
   {
      "id": 1041933262,
      "price": "0.47320",
      "qty": "175",
      "quoteQty": "82.81000",
      "time": 1706088844626,
      "isBuyerMaker": false
   },
   {
      "id": 1041933263,
      "price": "0.47320",
      "qty": "53",
      "quoteQty": "25.07960",
      "time": 1706088844626,
      "isBuyerMaker": false
   },
   {
      "id": 1041933264,
      "price": "0.47320",
      "qty": "72",
      "quoteQty": "34.07040",
      "time": 1706088845995,
      "isBuyerMaker": true
   },
   {
      "id": 1041933265,
      "price": "0.47330",
      "qty": "125",
      "quoteQty": "59.16250",
      "time": 1706088848036,
      "isBuyerMaker": false
   },
   {
      "id": 1041933266,
      "price": "0.47320",
      "qty": "19",
      "quoteQty": "8.99080",
      "time": 1706088848385,
      "isBuyerMaker": true
   },
   {
      "id": 1041933267,
      "price": "0.47320",
      "qty": "725",
      "quoteQty": "343.07000",
      "time": 1706088848472,
      "isBuyerMaker": true
   },
   {
      "id": 1041933268,
      "price": "0.47320",
      "qty": "3756",
      "quoteQty": "1777.33920",
      "time": 1706088848472,
      "isBuyerMaker": true
   },
   {
      "id": 1041933269,
      "price": "0.47320",
      "qty": "649",
      "quoteQty": "307.10680",
      "time": 1706088848537,
      "isBuyerMaker": true
   },
   {
      "id": 1041933270,
      "price": "0.47320",
      "qty": "2000",
      "quoteQty": "946.40000",
      "time": 1706088848537,
      "isBuyerMaker": true
   },
   {
      "id": 1041933271,
      "price": "0.47320",
      "qty": "4204",
      "quoteQty": "1989.33280",
      "time": 1706088848537,
      "isBuyerMaker": true
   },
   {
      "id": 1041933272,
      "price": "0.47320",
      "qty": "794",
      "quoteQty": "375.72080",
      "time": 1706088848537,
      "isBuyerMaker": true
   },
   {
      "id": 1041933273,
      "price": "0.47320",
      "qty": "93",
      "quoteQty": "44.00760",
      "time": 1706088848537,
      "isBuyerMaker": true
   },
   {
      "id": 1041933274,
      "price": "0.47320",
      "qty": "64",
      "quoteQty": "30.28480",
      "time": 1706088848537,
      "isBuyerMaker": true
   },
   {
      "id": 1041933275,
      "price": "0.47320",
      "qty": "153",
      "quoteQty": "72.39960",
      "time": 1706088848537,
      "isBuyerMaker": true
   },
   {
      "id": 1041933276,
      "price": "0.47320",
      "qty": "180",
      "quoteQty": "85.17600",
      "time": 1706088848537,
      "isBuyerMaker": true
   },
   {
      "id": 1041933277,
      "price": "0.47320",
      "qty": "400",
      "quoteQty": "189.28000",
      "time": 1706088848537,
      "isBuyerMaker": true
   },
   {
      "id": 1041933278,
      "price": "0.47320",
      "qty": "482",
      "quoteQty": "228.08240",
      "time": 1706088848537,
      "isBuyerMaker": true
   },
   {
      "id": 1041933279,
      "price": "0.47310",
      "qty": "13",
      "quoteQty": "6.15030",
      "time": 1706088848984,
      "isBuyerMaker": true
   },
   {
      "id": 1041933280,
      "price": "0.47310",
      "qty": "369",
      "quoteQty": "174.57390",
      "time": 1706088848984,
      "isBuyerMaker": true
   },
   {
      "id": 1041933281,
      "price": "0.47310",
      "qty": "168",
      "quoteQty": "79.48080",
      "time": 1706088848984,
      "isBuyerMaker": true
   },
   {
      "id": 1041933282,
      "price": "0.47310",
      "qty": "329",
      "quoteQty": "155.64990",
      "time": 1706088848984,
      "isBuyerMaker": true
   },
   {
      "id": 1041933283,
      "price": "0.47310",
      "qty": "434",
      "quoteQty": "205.32540",
      "time": 1706088848984,
      "isBuyerMaker": true
   },
   {
      "id": 1041933284,
      "price": "0.47300",
      "qty": "41",
      "quoteQty": "19.39300",
      "time": 1706088849124,
      "isBuyerMaker": true
   },
   {
      "id": 1041933285,
      "price": "0.47300",
      "qty": "1261",
      "quoteQty": "596.45300",
      "time": 1706088851725,
      "isBuyerMaker": true
   },
   {
      "id": 1041933286,
      "price": "0.47300",
      "qty": "1949",
      "quoteQty": "921.87700",
      "time": 1706088851725,
      "isBuyerMaker": true
   },
   {
      "id": 1041933287,
      "price": "0.47300",
      "qty": "200",
      "quoteQty": "94.60000",
      "time": 1706088852323,
      "isBuyerMaker": true
   },
   {
      "id": 1041933288,
      "price": "0.47300",
      "qty": "1193",
      "quoteQty": "564.28900",
      "time": 1706088856236,
      "isBuyerMaker": true
   },
   {
      "id": 1041933289,
      "price": "0.47300",
      "qty": "13",
      "quoteQty": "6.14900",
      "time": 1706088856236,
      "isBuyerMaker": true
   },
   {
      "id": 1041933290,
      "price": "0.47300",
      "qty": "370",
      "quoteQty": "175.01000",
      "time": 1706088856236,
      "isBuyerMaker": true
   },
   {
      "id": 1041933291,
      "price": "0.47300",
      "qty": "1029",
      "quoteQty": "486.71700",
      "time": 1706088856236,
      "isBuyerMaker": true
   },
   {
      "id": 1041933292,
      "price": "0.47300",
      "qty": "925",
      "quoteQty": "437.52500",
      "time": 1706088856236,
      "isBuyerMaker": true
   },
   {
      "id": 1041933293,
      "price": "0.47300",
      "qty": "1748",
      "quoteQty": "826.80400",
      "time": 1706088856236,
      "isBuyerMaker": true
   },
   {
      "id": 1041933294,
      "price": "0.47300",
      "qty": "1365",
      "quoteQty": "645.64500",
      "time": 1706088856237,
      "isBuyerMaker": true
   },
   {
      "id": 1041933295,
      "price": "0.47300",
      "qty": "213",
      "quoteQty": "100.74900",
      "time": 1706088856237,
      "isBuyerMaker": true
   },
   {
      "id": 1041933296,
      "price": "0.47300",
      "qty": "298",
      "quoteQty": "140.95400",
      "time": 1706088856237,
      "isBuyerMaker": true
   },
   {
      "id": 1041933297,
      "price": "0.47300",
      "qty": "12",
      "quoteQty": "5.67600",
      "time": 1706088856237,
      "isBuyerMaker": true
   },
   {
      "id": 1041933298,
      "price": "0.47300",
      "qty": "179",
      "quoteQty": "84.66700",
      "time": 1706088856237,
      "isBuyerMaker": true
   },
   {
      "id": 1041933299,
      "price": "0.47300",
      "qty": "1056",
      "quoteQty": "499.48800",
      "time": 1706088856237,
      "isBuyerMaker": true
   },
   {
      "id": 1041933300,
      "price": "0.47300",
      "qty": "53",
      "quoteQty": "25.06900",
      "time": 1706088856493,
      "isBuyerMaker": false
   },
   {
      "id": 1041933301,
      "price": "0.47300",
      "qty": "53",
      "quoteQty": "25.06900",
      "time": 1706088856547,
      "isBuyerMaker": false
   },
   {
      "id": 1041933302,
      "price": "0.47300",
      "qty": "710",
      "quoteQty": "335.83000",
      "time": 1706088856581,
      "isBuyerMaker": false
   },
   {
      "id": 1041933303,
      "price": "0.47300",
      "qty": "816",
      "quoteQty": "385.96800",
      "time": 1706088856581,
      "isBuyerMaker": false
   },
   {
      "id": 1041933304,
      "price": "0.47300",
      "qty": "272",
      "quoteQty": "128.65600",
      "time": 1706088856581,
      "isBuyerMaker": false
   },
   {
      "id": 1041933305,
      "price": "0.47300",
      "qty": "710",
      "quoteQty": "335.83000",
      "time": 1706088856581,
      "isBuyerMaker": false
   },
   {
      "id": 1041933306,
      "price": "0.47300",
      "qty": "1337",
      "quoteQty": "632.40100",
      "time": 1706088856581,
      "isBuyerMaker": false
   },
   {
      "id": 1041933307,
      "price": "0.47300",
      "qty": "263",
      "quoteQty": "124.39900",
      "time": 1706088856581,
      "isBuyerMaker": false
   },
   {
      "id": 1041933308,
      "price": "0.47300",
      "qty": "53",
      "quoteQty": "25.06900",
      "time": 1706088856694,
      "isBuyerMaker": false
   },
   {
      "id": 1041933309,
      "price": "0.47300",
      "qty": "53",
      "quoteQty": "25.06900",
      "time": 1706088856868,
      "isBuyerMaker": false
   },
   {
      "id": 1041933310,
      "price": "0.47300",
      "qty": "169",
      "quoteQty": "79.93700",
      "time": 1706088857011,
      "isBuyerMaker": false
   },
   {
      "id": 1041933311,
      "price": "0.47300",
      "qty": "141",
      "quoteQty": "66.69300",
      "time": 1706088857011,
      "isBuyerMaker": false
   },
   {
      "id": 1041933312,
      "price": "0.47310",
      "qty": "54",
      "quoteQty": "25.54740",
      "time": 1706088857085,
      "isBuyerMaker": false
   },
   {
      "id": 1041933313,
      "price": "0.47310",
      "qty": "90",
      "quoteQty": "42.57900",
      "time": 1706088857825,
      "isBuyerMaker": false
   },
   {
      "id": 1041933314,
      "price": "0.47310",
      "qty": "81",
      "quoteQty": "38.32110",
      "time": 1706088857825,
      "isBuyerMaker": false
   },
   {
      "id": 1041933315,
      "price": "0.47300",
      "qty": "4333",
      "quoteQty": "2049.50900",
      "time": 1706088859410,
      "isBuyerMaker": true
   },
   {
      "id": 1041933316,
      "price": "0.47300",
      "qty": "1002",
      "quoteQty": "473.94600",
      "time": 1706088859704,
      "isBuyerMaker": true
   },
   {
      "id": 1041933317,
      "price": "0.47300",
      "qty": "1768",
      "quoteQty": "836.26400",
      "time": 1706088859704,
      "isBuyerMaker": true
   },
   {
      "id": 1041933318,
      "price": "0.47300",
      "qty": "1473",
      "quoteQty": "696.72900",
      "time": 1706088859704,
      "isBuyerMaker": true
   },
   {
      "id": 1041933319,
      "price": "0.47310",
      "qty": "88",
      "quoteQty": "41.63280",
      "time": 1706088860502,
      "isBuyerMaker": false
   },
   {
      "id": 1041933320,
      "price": "0.47310",
      "qty": "29",
      "quoteQty": "13.71990",
      "time": 1706088860502,
      "isBuyerMaker": false
   },
   {
      "id": 1041933321,
      "price": "0.47310",
      "qty": "169",
      "quoteQty": "79.95390",
      "time": 1706088860502,
      "isBuyerMaker": false
   },
   {
      "id": 1041933322,
      "price": "0.47310",
      "qty": "13",
      "quoteQty": "6.15030",
      "time": 1706088860502,
      "isBuyerMaker": false
   },
   {
      "id": 1041933323,
      "price": "0.47310",
      "qty": "370",
      "quoteQty": "175.04700",
      "time": 1706088860502,
      "isBuyerMaker": false
   },
   {
      "id": 1041933324,
      "price": "0.47310",
      "qty": "33",
      "quoteQty": "15.61230",
      "time": 1706088860502,
      "isBuyerMaker": false
   },
   {
      "id": 1041933325,
      "price": "0.47310",
      "qty": "31",
      "quoteQty": "14.66610",
      "time": 1706088860502,
      "isBuyerMaker": false
   },
   {
      "id": 1041933326,
      "price": "0.47310",
      "qty": "91",
      "quoteQty": "43.05210",
      "time": 1706088860502,
      "isBuyerMaker": false
   },
   {
      "id": 1041933327,
      "price": "0.47310",
      "qty": "25",
      "quoteQty": "11.82750",
      "time": 1706088860502,
      "isBuyerMaker": false
   },
   {
      "id": 1041933328,
      "price": "0.47310",
      "qty": "73",
      "quoteQty": "34.53630",
      "time": 1706088860502,
      "isBuyerMaker": false
   },
   {
      "id": 1041933329,
      "price": "0.47310",
      "qty": "419",
      "quoteQty": "198.22890",
      "time": 1706088860502,
      "isBuyerMaker": false
   },
   {
      "id": 1041933330,
      "price": "0.47310",
      "qty": "725",
      "quoteQty": "342.99750",
      "time": 1706088860502,
      "isBuyerMaker": false
   },
   {
      "id": 1041933331,
      "price": "0.47320",
      "qty": "65",
      "quoteQty": "30.75800",
      "time": 1706088860502,
      "isBuyerMaker": false
   },
   {
      "id": 1041933332,
      "price": "0.47310",
      "qty": "18",
      "quoteQty": "8.51580",
      "time": 1706088863509,
      "isBuyerMaker": true
   },
   {
      "id": 1041933333,
      "price": "0.47310",
      "qty": "26",
      "quoteQty": "12.30060",
      "time": 1706088864155,
      "isBuyerMaker": true
   },
   {
      "id": 1041933334,
      "price": "0.47310",
      "qty": "184",
      "quoteQty": "87.05040",
      "time": 1706088864246,
      "isBuyerMaker": true
   },
   {
      "id": 1041933335,
      "price": "0.47310",
      "qty": "432",
      "quoteQty": "204.37920",
      "time": 1706088864246,
      "isBuyerMaker": true
   },
   {
      "id": 1041933336,
      "price": "0.47310",
      "qty": "68",
      "quoteQty": "32.17080",
      "time": 1706088864246,
      "isBuyerMaker": true
   },
   {
      "id": 1041933337,
      "price": "0.47310",
      "qty": "126",
      "quoteQty": "59.61060",
      "time": 1706088864246,
      "isBuyerMaker": true
   },
   {
      "id": 1041933338,
      "price": "0.47310",
      "qty": "60",
      "quoteQty": "28.38600",
      "time": 1706088864246,
      "isBuyerMaker": true
   },
   {
      "id": 1041933339,
      "price": "0.47310",
      "qty": "52",
      "quoteQty": "24.60120",
      "time": 1706088866767,
      "isBuyerMaker": false
   },
   {
      "id": 1041933340,
      "price": "0.47310",
      "qty": "93",
      "quoteQty": "43.99830",
      "time": 1706088866767,
      "isBuyerMaker": false
   },
   {
      "id": 1041933341,
      "price": "0.47310",
      "qty": "172",
      "quoteQty": "81.37320",
      "time": 1706088866767,
      "isBuyerMaker": false
   },
   {
      "id": 1041933342,
      "price": "0.47310",
      "qty": "126",
      "quoteQty": "59.61060",
      "time": 1706088866767,
      "isBuyerMaker": false
   },
   {
      "id": 1041933343,
      "price": "0.47310",
      "qty": "138",
      "quoteQty": "65.28780",
      "time": 1706088866767,
      "isBuyerMaker": false
   },
   {
      "id": 1041933344,
      "price": "0.47310",
      "qty": "844",
      "quoteQty": "399.29640",
      "time": 1706088867035,
      "isBuyerMaker": true
   },
   {
      "id": 1041933345,
      "price": "0.47320",
      "qty": "927",
      "quoteQty": "438.65640",
      "time": 1706088867391,
      "isBuyerMaker": false
   },
   {
      "id": 1041933346,
      "price": "0.47320",
      "qty": "1186",
      "quoteQty": "561.21520",
      "time": 1706088867391,
      "isBuyerMaker": false
   },
   {
      "id": 1041933347,
      "price": "0.47310",
      "qty": "858",
      "quoteQty": "405.91980",
      "time": 1706088869041,
      "isBuyerMaker": true
   },
   {
      "id": 1041933348,
      "price": "0.47310",
      "qty": "53",
      "quoteQty": "25.07430",
      "time": 1706088869041,
      "isBuyerMaker": true
   },
   {
      "id": 1041933349,
      "price": "0.47310",
      "qty": "54",
      "quoteQty": "25.54740",
      "time": 1706088869041,
      "isBuyerMaker": true
   },
   {
      "id": 1041933350,
      "price": "0.47310",
      "qty": "12",
      "quoteQty": "5.67720",
      "time": 1706088869041,
      "isBuyerMaker": true
   },
   {
      "id": 1041933351,
      "price": "0.47310",
      "qty": "67",
      "quoteQty": "31.69770",
      "time": 1706088869041,
      "isBuyerMaker": true
   },
   {
      "id": 1041933352,
      "price": "0.47310",
      "qty": "268",
      "quoteQty": "126.79080",
      "time": 1706088869041,
      "isBuyerMaker": true
   },
   {
      "id": 1041933353,
      "price": "0.47310",
      "qty": "400",
      "quoteQty": "189.24000",
      "time": 1706088869041,
      "isBuyerMaker": true
   },
   {
      "id": 1041933354,
      "price": "0.47310",
      "qty": "37",
      "quoteQty": "17.50470",
      "time": 1706088869041,
      "isBuyerMaker": true
   },
   {
      "id": 1041933355,
      "price": "0.47310",
      "qty": "933",
      "quoteQty": "441.40230",
      "time": 1706088869041,
      "isBuyerMaker": true
   },
   {
      "id": 1041933356,
      "price": "0.47310",
      "qty": "28",
      "quoteQty": "13.24680",
      "time": 1706088872004,
      "isBuyerMaker": true
   },
   {
      "id": 1041933357,
      "price": "0.47310",
      "qty": "39",
      "quoteQty": "18.45090",
      "time": 1706088874426,
      "isBuyerMaker": true
   },
   {
      "id": 1041933358,
      "price": "0.47310",
      "qty": "29",
      "quoteQty": "13.71990",
      "time": 1706088874426,
      "isBuyerMaker": true
   },
   {
      "id": 1041933359,
      "price": "0.47310",
      "qty": "51",
      "quoteQty": "24.12810",
      "time": 1706088874426,
      "isBuyerMaker": true
   },
   {
      "id": 1041933360,
      "price": "0.47310",
      "qty": "55",
      "quoteQty": "26.02050",
      "time": 1706088874426,
      "isBuyerMaker": true
   },
   {
      "id": 1041933361,
      "price": "0.47310",
      "qty": "50",
      "quoteQty": "23.65500",
      "time": 1706088874426,
      "isBuyerMaker": true
   },
   {
      "id": 1041933362,
      "price": "0.47310",
      "qty": "53",
      "quoteQty": "25.07430",
      "time": 1706088874426,
      "isBuyerMaker": true
   },
   {
      "id": 1041933363,
      "price": "0.47310",
      "qty": "51",
      "quoteQty": "24.12810",
      "time": 1706088874426,
      "isBuyerMaker": true
   },
   {
      "id": 1041933364,
      "price": "0.47310",
      "qty": "50",
      "quoteQty": "23.65500",
      "time": 1706088874426,
      "isBuyerMaker": true
   },
   {
      "id": 1041933365,
      "price": "0.47310",
      "qty": "48",
      "quoteQty": "22.70880",
      "time": 1706088874426,
      "isBuyerMaker": true
   },
   {
      "id": 1041933366,
      "price": "0.47310",
      "qty": "11",
      "quoteQty": "5.20410",
      "time": 1706088874426,
      "isBuyerMaker": true
   },
   {
      "id": 1041933367,
      "price": "0.47310",
      "qty": "2000",
      "quoteQty": "946.20000",
      "time": 1706088874426,
      "isBuyerMaker": true
   },
   {
      "id": 1041933368,
      "price": "0.47310",
      "qty": "1944",
      "quoteQty": "919.70640",
      "time": 1706088874426,
      "isBuyerMaker": true
   },
   {
      "id": 1041933369,
      "price": "0.47310",
      "qty": "56",
      "quoteQty": "26.49360",
      "time": 1706088874900,
      "isBuyerMaker": true
   },
   {
      "id": 1041933370,
      "price": "0.47310",
      "qty": "190",
      "quoteQty": "89.88900",
      "time": 1706088874900,
      "isBuyerMaker": true
   },
   {
      "id": 1041933371,
      "price": "0.47320",
      "qty": "16",
      "quoteQty": "7.57120",
      "time": 1706088875472,
      "isBuyerMaker": false
   },
   {
      "id": 1041933372,
      "price": "0.47310",
      "qty": "1810",
      "quoteQty": "856.31100",
      "time": 1706088876214,
      "isBuyerMaker": true
   },
   {
      "id": 1041933373,
      "price": "0.47310",
      "qty": "437",
      "quoteQty": "206.74470",
      "time": 1706088876214,
      "isBuyerMaker": true
   },
   {
      "id": 1041933374,
      "price": "0.47310",
      "qty": "17316",
      "quoteQty": "8192.19960",
      "time": 1706088876214,
      "isBuyerMaker": true
   },
   {
      "id": 1041933375,
      "price": "0.47310",
      "qty": "330",
      "quoteQty": "156.12300",
      "time": 1706088877304,
      "isBuyerMaker": true
   },
   {
      "id": 1041933376,
      "price": "0.47310",
      "qty": "1412",
      "quoteQty": "668.01720",
      "time": 1706088877716,
      "isBuyerMaker": true
   },
   {
      "id": 1041933377,
      "price": "0.47310",
      "qty": "18",
      "quoteQty": "8.51580",
      "time": 1706088877716,
      "isBuyerMaker": true
   },
   {
      "id": 1041933378,
      "price": "0.47310",
      "qty": "83",
      "quoteQty": "39.26730",
      "time": 1706088877716,
      "isBuyerMaker": true
   },
   {
      "id": 1041933379,
      "price": "0.47310",
      "qty": "250",
      "quoteQty": "118.27500",
      "time": 1706088877716,
      "isBuyerMaker": true
   },
   {
      "id": 1041933380,
      "price": "0.47310",
      "qty": "18",
      "quoteQty": "8.51580",
      "time": 1706088877716,
      "isBuyerMaker": true
   },
   {
      "id": 1041933381,
      "price": "0.47310",
      "qty": "294",
      "quoteQty": "139.09140",
      "time": 1706088877716,
      "isBuyerMaker": true
   },
   {
      "id": 1041933382,
      "price": "0.47310",
      "qty": "1135",
      "quoteQty": "536.96850",
      "time": 1706088877716,
      "isBuyerMaker": true
   },
   {
      "id": 1041933383,
      "price": "0.47310",
      "qty": "865",
      "quoteQty": "409.23150",
      "time": 1706088877750,
      "isBuyerMaker": true
   },
   {
      "id": 1041933384,
      "price": "0.47310",
      "qty": "178",
      "quoteQty": "84.21180",
      "time": 1706088877750,
      "isBuyerMaker": true
   },
   {
      "id": 1041933385,
      "price": "0.47310",
      "qty": "53",
      "quoteQty": "25.07430",
      "time": 1706088877750,
      "isBuyerMaker": true
   },
   {
      "id": 1041933386,
      "price": "0.47310",
      "qty": "53",
      "quoteQty": "25.07430",
      "time": 1706088877750,
      "isBuyerMaker": true
   },
   {
      "id": 1041933387,
      "price": "0.47310",
      "qty": "53",
      "quoteQty": "25.07430",
      "time": 1706088877750,
      "isBuyerMaker": true
   },
   {
      "id": 1041933388,
      "price": "0.47310",
      "qty": "1200",
      "quoteQty": "567.72000",
      "time": 1706088877750,
      "isBuyerMaker": true
   },
   {
      "id": 1041933389,
      "price": "0.47300",
      "qty": "178",
      "quoteQty": "84.19400",
      "time": 1706088877750,
      "isBuyerMaker": true
   },
   {
      "id": 1041933390,
      "price": "0.47300",
      "qty": "2110",
      "quoteQty": "998.03000",
      "time": 1706088877750,
      "isBuyerMaker": true
   },
   {
      "id": 1041933391,
      "price": "0.47300",
      "qty": "4526",
      "quoteQty": "2140.79800",
      "time": 1706088877750,
      "isBuyerMaker": true
   },
   {
      "id": 1041933392,
      "price": "0.47300",
      "qty": "369",
      "quoteQty": "174.53700",
      "time": 1706088877750,
      "isBuyerMaker": true
   },
   {
      "id": 1041933393,
      "price": "0.47300",
      "qty": "283",
      "quoteQty": "133.85900",
      "time": 1706088877750,
      "isBuyerMaker": true
   },
   {
      "id": 1041933394,
      "price": "0.47300",
      "qty": "576",
      "quoteQty": "272.44800",
      "time": 1706088877750,
      "isBuyerMaker": true
   },
   {
      "id": 1041933395,
      "price": "0.47300",
      "qty": "561",
      "quoteQty": "265.35300",
      "time": 1706088877750,
      "isBuyerMaker": true
   },
   {
      "id": 1041933396,
      "price": "0.47310",
      "qty": "232",
      "quoteQty": "109.75920",
      "time": 1706088878501,
      "isBuyerMaker": false
   },
   {
      "id": 1041933397,
      "price": "0.47300",
      "qty": "4351",
      "quoteQty": "2058.02300",
      "time": 1706088879577,
      "isBuyerMaker": true
   },
   {
      "id": 1041933398,
      "price": "0.47310",
      "qty": "800",
      "quoteQty": "378.48000",
      "time": 1706088880457,
      "isBuyerMaker": false
   },
   {
      "id": 1041933399,
      "price": "0.47310",
      "qty": "744",
      "quoteQty": "351.98640",
      "time": 1706088880510,
      "isBuyerMaker": false
   },
   {
      "id": 1041933400,
      "price": "0.47310",
      "qty": "192",
      "quoteQty": "90.83520",
      "time": 1706088880510,
      "isBuyerMaker": false
   },
   {
      "id": 1041933401,
      "price": "0.47310",
      "qty": "14",
      "quoteQty": "6.62340",
      "time": 1706088880510,
      "isBuyerMaker": false
   },
   {
      "id": 1041933402,
      "price": "0.47310",
      "qty": "90",
      "quoteQty": "42.57900",
      "time": 1706088880510,
      "isBuyerMaker": false
   },
   {
      "id": 1041933403,
      "price": "0.47310",
      "qty": "736",
      "quoteQty": "348.20160",
      "time": 1706088880524,
      "isBuyerMaker": true
   },
   {
      "id": 1041933404,
      "price": "0.47320",
      "qty": "353",
      "quoteQty": "167.03960",
      "time": 1706088885301,
      "isBuyerMaker": false
   },
   {
      "id": 1041933405,
      "price": "0.47320",
      "qty": "13",
      "quoteQty": "6.15160",
      "time": 1706088885301,
      "isBuyerMaker": false
   },
   {
      "id": 1041933406,
      "price": "0.47320",
      "qty": "166",
      "quoteQty": "78.55120",
      "time": 1706088885301,
      "isBuyerMaker": false
   },
   {
      "id": 1041933407,
      "price": "0.47320",
      "qty": "1467",
      "quoteQty": "694.18440",
      "time": 1706088885301,
      "isBuyerMaker": false
   },
   {
      "id": 1041933408,
      "price": "0.47320",
      "qty": "239",
      "quoteQty": "113.09480",
      "time": 1706088885301,
      "isBuyerMaker": false
   },
   {
      "id": 1041933409,
      "price": "0.47320",
      "qty": "140",
      "quoteQty": "66.24800",
      "time": 1706088885301,
      "isBuyerMaker": false
   },
   {
      "id": 1041933410,
      "price": "0.47320",
      "qty": "69",
      "quoteQty": "32.65080",
      "time": 1706088885301,
      "isBuyerMaker": false
   },
   {
      "id": 1041933411,
      "price": "0.47320",
      "qty": "118",
      "quoteQty": "55.83760",
      "time": 1706088885301,
      "isBuyerMaker": false
   },
   {
      "id": 1041933412,
      "price": "0.47320",
      "qty": "744",
      "quoteQty": "352.06080",
      "time": 1706088885301,
      "isBuyerMaker": false
   },
   {
      "id": 1041933413,
      "price": "0.47320",
      "qty": "13824",
      "quoteQty": "6541.51680",
      "time": 1706088885301,
      "isBuyerMaker": false
   },
   {
      "id": 1041933414,
      "price": "0.47320",
      "qty": "24",
      "quoteQty": "11.35680",
      "time": 1706088885301,
      "isBuyerMaker": false
   },
   {
      "id": 1041933415,
      "price": "0.47320",
      "qty": "62",
      "quoteQty": "29.33840",
      "time": 1706088885301,
      "isBuyerMaker": false
   },
   {
      "id": 1041933416,
      "price": "0.47320",
      "qty": "125",
      "quoteQty": "59.15000",
      "time": 1706088885301,
      "isBuyerMaker": false
   },
   {
      "id": 1041933417,
      "price": "0.47320",
      "qty": "1028",
      "quoteQty": "486.44960",
      "time": 1706088885301,
      "isBuyerMaker": false
   },
   {
      "id": 1041933418,
      "price": "0.47320",
      "qty": "1010",
      "quoteQty": "477.93200",
      "time": 1706088885301,
      "isBuyerMaker": false
   },
   {
      "id": 1041933419,
      "price": "0.47320",
      "qty": "1045",
      "quoteQty": "494.49400",
      "time": 1706088885301,
      "isBuyerMaker": false
   },
   {
      "id": 1041933420,
      "price": "0.47320",
      "qty": "1055",
      "quoteQty": "499.22600",
      "time": 1706088885301,
      "isBuyerMaker": false
   },
   {
      "id": 1041933421,
      "price": "0.47330",
      "qty": "188",
      "quoteQty": "88.98040",
      "time": 1706088885456,
      "isBuyerMaker": false
   },
   {
      "id": 1041933422,
      "price": "0.47330",
      "qty": "233",
      "quoteQty": "110.27890",
      "time": 1706088885456,
      "isBuyerMaker": false
   },
   {
      "id": 1041933423,
      "price": "0.47330",
      "qty": "136",
      "quoteQty": "64.36880",
      "time": 1706088887203,
      "isBuyerMaker": false
   },
   {
      "id": 1041933424,
      "price": "0.47330",
      "qty": "13",
      "quoteQty": "6.15290",
      "time": 1706088887203,
      "isBuyerMaker": false
   },
   {
      "id": 1041933425,
      "price": "0.47330",
      "qty": "40",
      "quoteQty": "18.93200",
      "time": 1706088887203,
      "isBuyerMaker": false
   },
   {
      "id": 1041933426,
      "price": "0.47330",
      "qty": "141",
      "quoteQty": "66.73530",
      "time": 1706088887728,
      "isBuyerMaker": false
   },
   {
      "id": 1041933427,
      "price": "0.47330",
      "qty": "79",
      "quoteQty": "37.39070",
      "time": 1706088887728,
      "isBuyerMaker": false
   },
   {
      "id": 1041933428,
      "price": "0.47330",
      "qty": "310",
      "quoteQty": "146.72300",
      "time": 1706088888743,
      "isBuyerMaker": false
   },
   {
      "id": 1041933429,
      "price": "0.47330",
      "qty": "6",
      "quoteQty": "2.83980",
      "time": 1706088888743,
      "isBuyerMaker": false
   }
]